{"id": "gen9ou-2673953093", "format": "[Gen 9] OU", "players": ["fus_in_b00ts", "power pulser"], "log": "|j|\u2606fus_in_b00ts\n|j|\u2606power pulser\n|t:|1788281190\n|gametype|singles\n|player|p1|fus_in_b00ts|2|1430\n|player|p2|power pulser|101|1393\n|gen|9\n|tier|[Gen 9] OU\n|rated|\n|rule|HP Percentage Mod: HP is shown in percentages\n|rule|Endless Battle Clause: Forcing endless battles is banned\n|rule|Species Clause: Limit one of each Pok\u00e9mon\n|rule|OHKO Clause: OHKO moves are banned\n|rule|Evasion Items Clause: Evasion items are banned\n|rule|Evasion Moves Clause: Evasion moves are banned\n|rule|Evasion Abilities Clause: Evasion abilities are banned\n|rule|Sleep Moves Clause: Sleep-inducing moves are banned\n|clearpoke\n|poke|p1|Kommo-o, M|\n|poke|p1|Ninetales-Alola, F|\n|poke|p1|Rillaboom, F|\n|poke|p1|Serperior, M|\n|poke|p1|Incineroar, M|\n|poke|p1|Gholdengo|\n|poke|p2|Haxorus, F|\n|poke|p2|Zamazenta-*|\n|poke|p2|Ogerpon-Wellspring, F|\n|poke|p2|Great Tusk|\n|poke|p2|Hatterene, F|\n|poke|p2|Gholdengo|\n|teampreview\n|inactive|Battle timer is ON: inactive players will automatically lose when time's up. (requested by power pulser)\n|\n|t:|1788281212\n|teamsize|p1|6\n|teamsize|p2|6\n|start\n|switch|p1a: Ninetales|Ninetales-Alola, F|100/100\n|switch|p2a: Ishowspeed|Zamazenta, shiny|100/100\n|-ability|p2a: Ishowspeed|Dauntless Shield|boost\n|-boost|p2a: Ishowspeed|def|1\n|-weather|Snowscape|[from] ability: Snow Warning|[of] p1a: Ninetales\n|turn|1\n|\n|t:|1788281222\n|switch|p1a: Gholdengo|Gholdengo|100/100\n|move|p2a: Ishowspeed|Heavy Slam|p1a: Gholdengo\n|-resisted|p1a: Gholdengo\n|-damage|p1a: Gholdengo|81/100\n|\n|-weather|Snowscape|[upkeep]\n|upkeep\n|turn|2\n|\n|t:|1788281248\n|switch|p2a: Gholdengo|Gholdengo|100/100\n|move|p1a: Gholdengo|Trick|p2a: Gholdengo\n|-immune|p2a: Gholdengo|[from] ability: Good as Gold\n|\n|-weather|Snowscape|[upkeep]\n|upkeep\n|turn|3\n|inactive|power pulser has 120 seconds left.\n|\n|t:|1788281269\n|switch|p1a: Rillaboom|Rillaboom, F|100/100\n|-fieldstart|move: Grassy Terrain|[from] ability: Grassy Surge|[of] p1a: Rillaboom\n|switch|p2a: Ishowspeed|Zamazenta, shiny|100/100\n|\n|-weather|Snowscape|[upkeep]\n|upkeep\n|turn|4\n|\n|t:|1788281276\n|move|p2a: Ishowspeed|Reflect|p2a: Ishowspeed\n|-sidestart|p2: power pulser|Reflect\n|move|p1a: Rillaboom|U-turn|p2a: Ishowspeed\n|-resisted|p2a: Ishowspeed\n|-damage|p2a: Ishowspeed|96/100\n|\n|t:|1788281284\n|switch|p1a: Incineroar|Incineroar, M|100/100|[from] U-turn\n|-ability|p1a: Incineroar|Intimidate|boost\n|-unboost|p2a: Ishowspeed|atk|1\n|\n|-weather|Snowscape|[upkeep]\n|-heal|p2a: Ishowspeed|100/100|[from] Grassy Terrain\n|upkeep\n|turn|5\n|\n|t:|1788281287\n|move|p2a: Ishowspeed|Light Screen|p2a: Ishowspeed\n|-sidestart|p2: power pulser|move: Light Screen\n|move|p1a: Incineroar|Knock Off|p2a: Ishowspeed\n|-resisted|p2a: Ishowspeed\n|-damage|p2a: Ishowspeed|88/100\n|-enditem|p2a: Ishowspeed|Light Clay|[from] move: Knock Off|[of] p1a: Incineroar\n|\n|-weather|none\n|-heal|p2a: Ishowspeed|94/100|[from] Grassy Terrain\n|upkeep\n|turn|6\n|\n|t:|1788281295\n|switch|p2a: Haxorus|Haxorus, F|100/100\n|-ability|p2a: Haxorus|Mold Breaker\n|move|p1a: Incineroar|Knock Off|p2a: Haxorus\n|-damage|p2a: Haxorus|55/100\n|-enditem|p2a: Haxorus|Lum Berry|[from] move: Knock Off|[of] p1a: Incineroar\n|\n|-heal|p2a: Haxorus|61/100|[from] Grassy Terrain\n|upkeep\n|turn|7\n|\n|t:|1788281314\n|switch|p1a: Gholdengo|Gholdengo|81/100\n|move|p2a: Haxorus|Dragon Dance|p2a: Haxorus\n|-boost|p2a: Haxorus|atk|1\n|-boost|p2a: Haxorus|spe|1\n|\n|-heal|p2a: Haxorus|67/100|[from] Grassy Terrain\n|-heal|p1a: Gholdengo|87/100|[from] Grassy Terrain\n|upkeep\n|turn|8\n|\n|t:|1788281339\n|move|p2a: Haxorus|Earthquake|p1a: Gholdengo\n|-supereffective|p1a: Gholdengo\n|-damage|p1a: Gholdengo|16/100\n|move|p1a: Gholdengo|Trick|p2a: Haxorus\n|-activate|p1a: Gholdengo|move: Trick|[of] p2a: Haxorus\n|-item|p2a: Haxorus|Choice Scarf|[from] move: Trick\n|-enditem|p1a: Gholdengo|Choice Scarf|[silent]|[from] move: Trick\n|\n|-heal|p2a: Haxorus|73/100|[from] Grassy Terrain\n|-heal|p1a: Gholdengo|22/100|[from] Grassy Terrain\n|upkeep\n|turn|9\n|\n|t:|1788281352\n|switch|p1a: Serperior|Serperior, M|100/100\n|move|p2a: Haxorus|Iron Head|p1a: Serperior\n|-damage|p1a: Serperior|37/100\n|\n|-heal|p2a: Haxorus|79/100|[from] Grassy Terrain\n|-heal|p1a: Serperior|43/100|[from] Grassy Terrain\n|-heal|p1a: Serperior|50/100|[from] item: Leftovers\n|upkeep\n|turn|10\n|\n|t:|1788281357\n|switch|p1a: Incineroar|Incineroar, M|100/100\n|-ability|p1a: Incineroar|Intimidate|boost\n|-unboost|p2a: Haxorus|atk|1\n|move|p2a: Haxorus|Iron Head|p1a: Incineroar\n|-resisted|p1a: Incineroar\n|-damage|p1a: Incineroar|83/100\n|\n|-heal|p2a: Haxorus|86/100|[from] Grassy Terrain\n|-heal|p1a: Incineroar|89/100|[from] Grassy Terrain\n|-fieldend|move: Grassy Terrain\n|upkeep\n|turn|11\n|\n|t:|1788281368\n|switch|p2a: Ishowspeed|Zamazenta, shiny|94/100\n|switch|p1a: Rillaboom|Rillaboom, F|100/100\n|-fieldstart|move: Grassy Terrain|[from] ability: Grassy Surge|[of] p1a: Rillaboom\n|\n|-heal|p2a: Ishowspeed|99/100|[from] Grassy Terrain\n|-sideend|p2: power pulser|Reflect\n|upkeep\n|turn|12\n|\n|t:|1788281373\n|move|p2a: Ishowspeed|Reflect|p2a: Ishowspeed\n|-sidestart|p2: power pulser|Reflect\n|move|p1a: Rillaboom|U-turn|p2a: Ishowspeed\n|-resisted|p2a: Ishowspeed\n|-damage|p2a: Ishowspeed|95/100\n|\n|t:|1788281380\n|switch|p1a: Incineroar|Incineroar, M|89/100|[from] U-turn\n|-ability|p1a: Incineroar|Intimidate|boost\n|-unboost|p2a: Ishowspeed|atk|1\n|\n|-heal|p2a: Ishowspeed|100/100|[from] Grassy Terrain\n|-heal|p1a: Incineroar|95/100|[from] Grassy Terrain\n|-sideend|p2: power pulser|move: Light Screen\n|upkeep\n|turn|13\n|\n|t:|1788281386\n|move|p2a: Ishowspeed|Light Screen|p2a: Ishowspeed\n|-sidestart|p2: power pulser|move: Light Screen\n|move|p1a: Incineroar|Parting Shot|p2a: Ishowspeed\n|-unboost|p2a: Ishowspeed|atk|1\n|-unboost|p2a: Ishowspeed|spa|1\n|\n|t:|1788281396\n|switch|p1a: Ninetales|Ninetales-Alola, F|100/100|[from] Parting Shot\n|-weather|Snowscape|[from] ability: Snow Warning|[of] p1a: Ninetales\n|\n|-weather|Snowscape|[upkeep]\n|upkeep\n|turn|14\n|\n|t:|1788281406\n|switch|p2a: Gholdengo|Gholdengo|100/100\n|move|p1a: Ninetales|Aurora Veil|p1a: Ninetales\n|-sidestart|p1: fus_in_b00ts|move: Aurora Veil\n|\n|-weather|Snowscape|[upkeep]\n|upkeep\n|turn|15\n|\n|t:|1788281414\n|switch|p1a: Incineroar|Incineroar, M|95/100\n|-ability|p1a: Incineroar|Intimidate|boost\n|-unboost|p2a: Gholdengo|atk|1\n|move|p2a: Gholdengo|Nasty Plot|p2a: Gholdengo\n|-boost|p2a: Gholdengo|spa|2\n|\n|-weather|Snowscape|[upkeep]\n|-heal|p1a: Incineroar|100/100|[from] Grassy Terrain\n|upkeep\n|turn|16\n|\n|t:|1788281422\n|-terastallize|p2a: Gholdengo|Fairy\n|move|p2a: Gholdengo|Nasty Plot|p2a: Gholdengo\n|-boost|p2a: Gholdengo|spa|2\n|move|p1a: Incineroar|Knock Off|p2a: Gholdengo\n|-resisted|p2a: Gholdengo\n|-damage|p2a: Gholdengo|83/100\n|-enditem|p2a: Gholdengo|Salac Berry|[from] move: Knock Off|[of] p1a: Incineroar\n|\n|-weather|Snowscape|[upkeep]\n|-heal|p2a: Gholdengo|89/100|[from] Grassy Terrain\n|-sideend|p2: power pulser|Reflect\n|upkeep\n|turn|17\n|\n|t:|1788281437\n|switch|p1a: Serperior|Serperior, M|50/100\n|move|p2a: Gholdengo|Nasty Plot|p2a: Gholdengo\n|-boost|p2a: Gholdengo|spa|2\n|\n|-weather|none\n|-heal|p1a: Serperior|56/100|[from] Grassy Terrain\n|-heal|p1a: Serperior|62/100|[from] item: Leftovers\n|-heal|p2a: Gholdengo|95/100|[from] Grassy Terrain\n|-sideend|p2: power pulser|move: Light Screen\n|upkeep\n|turn|18\n|\n|t:|1788281443\n|move|p1a: Serperior|Leaf Storm|p2a: Gholdengo\n|-damage|p2a: Gholdengo|47/100\n|-boost|p1a: Serperior|spa|2\n|move|p2a: Gholdengo|Dazzling Gleam|p1a: Serperior\n|-damage|p1a: Serperior|0 fnt\n|faint|p1a: Serperior\n|\n|-heal|p2a: Gholdengo|53/100|[from] Grassy Terrain\n|-fieldend|move: Grassy Terrain\n|upkeep\n|\n|t:|1788281453\n|switch|p1a: Gholdengo|Gholdengo|22/100\n|turn|19\n|\n|t:|1788281458\n|switch|p2a: Ogerpon|Ogerpon-Wellspring, F|100/100\n|move|p1a: Gholdengo|Make It Rain|p2a: Ogerpon\n|-resisted|p2a: Ogerpon\n|-damage|p2a: Ogerpon|65/100\n|-unboost|p1a: Gholdengo|spa|1\n|\n|upkeep\n|turn|20\n|\n|t:|1788281472\n|switch|p1a: Incineroar|Incineroar, M|100/100\n|-ability|p1a: Incineroar|Intimidate|boost\n|-unboost|p2a: Ogerpon|atk|1\n|move|p2a: Ogerpon|Ivy Cudgel|p1a: Incineroar|[anim] Ivy Cudgel Water\n|-supereffective|p1a: Incineroar\n|-damage|p1a: Incineroar|64/100\n|\n|upkeep\n|turn|21\n|\n|t:|1788281490\n|move|p2a: Ogerpon|Ivy Cudgel|p1a: Incineroar|[anim] Ivy Cudgel Water\n|-supereffective|p1a: Incineroar\n|-damage|p1a: Incineroar|24/100\n|move|p1a: Incineroar|Will-O-Wisp|p2a: Ogerpon|[miss]\n|-miss|p1a: Incineroar|p2a: Ogerpon\n|\n|-sideend|p1: fus_in_b00ts|move: Aurora Veil\n|upkeep\n|turn|22\n|\n|t:|1788281504\n|switch|p1a: Rillaboom|Rillaboom, F|100/100\n|-fieldstart|move: Grassy Terrain|[from] ability: Grassy Surge|[of] p1a: Rillaboom\n|move|p2a: Ogerpon|Ivy Cudgel|p1a: Rillaboom|[anim] Ivy Cudgel Water\n|-resisted|p1a: Rillaboom\n|-crit|p1a: Rillaboom\n|-damage|p1a: Rillaboom|59/100\n|\n|-heal|p2a: Ogerpon|71/100|[from] Grassy Terrain\n|-heal|p1a: Rillaboom|65/100|[from] Grassy Terrain\n|upkeep\n|turn|23\n|\n|t:|1788281515\n|switch|p2a: Haxorus|Haxorus, F|86/100\n|-ability|p2a: Haxorus|Mold Breaker\n|move|p1a: Rillaboom|U-turn|p2a: Haxorus\n|-damage|p2a: Haxorus|54/100\n|\n|t:|1788281529\n|switch|p1a: Ninetales|Ninetales-Alola, F|100/100|[from] U-turn\n|-weather|Snowscape|[from] ability: Snow Warning|[of] p1a: Ninetales\n|\n|-weather|Snowscape|[upkeep]\n|-heal|p2a: Haxorus|60/100|[from] Grassy Terrain\n|upkeep\n|turn|24\n|\n|t:|1788281533\n|move|p2a: Haxorus|Iron Head|p1a: Ninetales\n|-supereffective|p1a: Ninetales\n|-damage|p1a: Ninetales|0 fnt\n|faint|p1a: Ninetales\n|\n|-weather|Snowscape|[upkeep]\n|-heal|p2a: Haxorus|66/100|[from] Grassy Terrain\n|upkeep\n|\n|t:|1788281542\n|switch|p1a: Gholdengo|Gholdengo|22/100\n|turn|25\n|c|\u2606power pulser|nt\n|c|\u2606power pulser|wp\n|\n|t:|1788281553\n|switch|p2a: Ogerpon|Ogerpon-Wellspring, F|71/100\n|move|p1a: Gholdengo|Memento|p2a: Ogerpon\n|-unboost|p2a: Ogerpon|atk|2\n|-unboost|p2a: Ogerpon|spa|2\n|faint|p1a: Gholdengo\n|\n|-weather|Snowscape|[upkeep]\n|-heal|p2a: Ogerpon|77/100|[from] Grassy Terrain\n|upkeep\n|c|\u2606power pulser|okay bro\n|c|\u2606power pulser|we js runnin\n|\n|t:|1788281563\n|switch|p1a: Kommo-o|Kommo-o, M|100/100\n|turn|26\n|c|\u2606power pulser|LITERALLY\n|c|\u2606power pulser|ANYTHING\n|\n|t:|1788281568\n|move|p2a: Ogerpon|Play Rough|p1a: Kommo-o\n|-supereffective|p1a: Kommo-o\n|-damage|p1a: Kommo-o|40/100\n|move|p1a: Kommo-o|Clangorous Soul|p1a: Kommo-o\n|-boost|p1a: Kommo-o|atk|1\n|-boost|p1a: Kommo-o|def|1\n|-boost|p1a: Kommo-o|spa|1\n|-boost|p1a: Kommo-o|spd|1\n|-boost|p1a: Kommo-o|spe|1\n|-damage|p1a: Kommo-o|7/100\n|\n|-weather|Snowscape|[upkeep]\n|-heal|p1a: Kommo-o|13/100|[from] Grassy Terrain\n|-heal|p1a: Kommo-o|19/100|[from] item: Leftovers\n|-heal|p2a: Ogerpon|83/100|[from] Grassy Terrain\n|upkeep\n|turn|27\n|\n|t:|1788281581\n|-terastallize|p1a: Kommo-o|Steel\n|move|p1a: Kommo-o|Drain Punch|p2a: Ogerpon\n|-damage|p2a: Ogerpon|13/100\n|-heal|p1a: Kommo-o|55/100|[from] drain|[of] p2a: Ogerpon\n|move|p2a: Ogerpon|Play Rough|p1a: Kommo-o\n|-resisted|p1a: Kommo-o\n|-damage|p1a: Kommo-o|50/100\n|-unboost|p1a: Kommo-o|atk|1\n|\n|-weather|none\n|-heal|p1a: Kommo-o|56/100|[from] Grassy Terrain\n|-heal|p1a: Kommo-o|62/100|[from] item: Leftovers\n|-heal|p2a: Ogerpon|19/100|[from] Grassy Terrain\n|upkeep\n|turn|28\n|\n|t:|1788281591\n|move|p1a: Kommo-o|Substitute|p1a: Kommo-o\n|-start|p1a: Kommo-o|Substitute\n|-damage|p1a: Kommo-o|37/100\n|move|p2a: Ogerpon|Ivy Cudgel|p1a: Kommo-o|[anim] Ivy Cudgel Water\n|-activate|p1a: Kommo-o|move: Substitute|[damage]\n|\n|-heal|p1a: Kommo-o|43/100|[from] Grassy Terrain\n|-heal|p1a: Kommo-o|50/100|[from] item: Leftovers\n|-heal|p2a: Ogerpon|25/100|[from] Grassy Terrain\n|upkeep\n|turn|29\n|\n|t:|1788281599\n|move|p1a: Kommo-o|Clangorous Soul|p1a: Kommo-o\n|-boost|p1a: Kommo-o|atk|1\n|-boost|p1a: Kommo-o|def|1\n|-boost|p1a: Kommo-o|spa|1\n|-boost|p1a: Kommo-o|spd|1\n|-boost|p1a: Kommo-o|spe|1\n|-damage|p1a: Kommo-o|17/100\n|move|p2a: Ogerpon|Ivy Cudgel|p1a: Kommo-o|[anim] Ivy Cudgel Water\n|-end|p1a: Kommo-o|Substitute\n|\n|-heal|p1a: Kommo-o|23/100|[from] Grassy Terrain\n|-heal|p1a: Kommo-o|29/100|[from] item: Leftovers\n|-heal|p2a: Ogerpon|31/100|[from] Grassy Terrain\n|-fieldend|move: Grassy Terrain\n|upkeep\n|turn|30\n|\n|t:|1788281610\n|switch|p2a: Hatterene|Hatterene, F|100/100\n|move|p1a: Kommo-o|Substitute|p1a: Kommo-o\n|-start|p1a: Kommo-o|Substitute\n|-damage|p1a: Kommo-o|4/100\n|\n|-heal|p1a: Kommo-o|10/100|[from] item: Leftovers\n|upkeep\n|turn|31\n|\n|t:|1788281621\n|move|p1a: Kommo-o|Iron Head|p2a: Hatterene\n|-supereffective|p2a: Hatterene\n|-damage|p2a: Hatterene|2/100\n|cant|p2a: Hatterene|flinch\n|\n|-heal|p1a: Kommo-o|17/100|[from] item: Leftovers\n|-heal|p2a: Hatterene|8/100|[from] item: Leftovers\n|upkeep\n|turn|32\n|\n|t:|1788281627\n|move|p1a: Kommo-o|Drain Punch|p2a: Hatterene\n|-resisted|p2a: Hatterene\n|-damage|p2a: Hatterene|0 fnt\n|-heal|p1a: Kommo-o|21/100|[from] drain|[of] p2a: Hatterene\n|faint|p2a: Hatterene\n|\n|-heal|p1a: Kommo-o|27/100|[from] item: Leftovers\n|upkeep\n|\n|t:|1788281638\n|switch|p2a: Ishowspeed|Zamazenta, shiny|100/100\n|turn|33\n|\n|t:|1788281646\n|move|p1a: Kommo-o|Drain Punch|p2a: Ishowspeed\n|-damage|p2a: Ishowspeed|58/100\n|-heal|p1a: Kommo-o|53/100|[from] drain|[of] p2a: Ishowspeed\n|move|p2a: Ishowspeed|Body Press|p1a: Kommo-o\n|-supereffective|p1a: Kommo-o\n|-end|p1a: Kommo-o|Substitute\n|\n|-heal|p1a: Kommo-o|59/100|[from] item: Leftovers\n|upkeep\n|turn|34\n|\n|t:|1788281655\n|move|p1a: Kommo-o|Drain Punch|p2a: Ishowspeed\n|-damage|p2a: Ishowspeed|18/100\n|-heal|p1a: Kommo-o|83/100|[from] drain|[of] p2a: Ishowspeed\n|move|p2a: Ishowspeed|Body Press|p1a: Kommo-o\n|-supereffective|p1a: Kommo-o\n|-damage|p1a: Kommo-o|46/100\n|\n|-heal|p1a: Kommo-o|52/100|[from] item: Leftovers\n|upkeep\n|turn|35\n|\n|t:|1788281665\n|move|p1a: Kommo-o|Drain Punch|p2a: Ishowspeed\n|-damage|p2a: Ishowspeed|0 fnt\n|-heal|p1a: Kommo-o|63/100|[from] drain|[of] p2a: Ishowspeed\n|faint|p2a: Ishowspeed\n|\n|-heal|p1a: Kommo-o|69/100|[from] item: Leftovers\n|upkeep\n|\n|t:|1788281672\n|switch|p2a: Great Tusk|Great Tusk|100/100\n|-enditem|p2a: Great Tusk|Booster Energy\n|-activate|p2a: Great Tusk|ability: Protosynthesis|[fromitem]\n|-start|p2a: Great Tusk|protosynthesisspe\n|turn|36\n|\n|t:|1788281675\n|move|p1a: Kommo-o|Substitute|p1a: Kommo-o\n|-start|p1a: Kommo-o|Substitute\n|-damage|p1a: Kommo-o|44/100\n|move|p2a: Great Tusk|Bulk Up|p2a: Great Tusk\n|-boost|p2a: Great Tusk|atk|1\n|-boost|p2a: Great Tusk|def|1\n|\n|-heal|p1a: Kommo-o|50/100|[from] item: Leftovers\n|upkeep\n|turn|37\n|\n|t:|1788281681\n|move|p1a: Kommo-o|Clangorous Soul|p1a: Kommo-o\n|-boost|p1a: Kommo-o|atk|1\n|-boost|p1a: Kommo-o|def|1\n|-boost|p1a: Kommo-o|spa|1\n|-boost|p1a: Kommo-o|spd|1\n|-boost|p1a: Kommo-o|spe|1\n|-damage|p1a: Kommo-o|17/100\n|move|p2a: Great Tusk|Bulk Up|p2a: Great Tusk\n|-boost|p2a: Great Tusk|atk|1\n|-boost|p2a: Great Tusk|def|1\n|\n|-heal|p1a: Kommo-o|24/100|[from] item: Leftovers\n|upkeep\n|turn|38\n|\n|t:|1788281693\n|move|p1a: Kommo-o|Drain Punch|p2a: Great Tusk\n|-damage|p2a: Great Tusk|77/100\n|-heal|p1a: Kommo-o|41/100|[from] drain|[of] p2a: Great Tusk\n|move|p2a: Great Tusk|Bulk Up|p2a: Great Tusk\n|-boost|p2a: Great Tusk|atk|1\n|-boost|p2a: Great Tusk|def|1\n|\n|-heal|p1a: Kommo-o|48/100|[from] item: Leftovers\n|upkeep\n|turn|39\n|\n|t:|1788281702\n|move|p1a: Kommo-o|Clangorous Soul|p1a: Kommo-o\n|-boost|p1a: Kommo-o|atk|1\n|-boost|p1a: Kommo-o|def|1\n|-boost|p1a: Kommo-o|spa|1\n|-boost|p1a: Kommo-o|spd|1\n|-boost|p1a: Kommo-o|spe|1\n|-damage|p1a: Kommo-o|15/100\n|move|p2a: Great Tusk|Headlong Rush|p1a: Kommo-o\n|-supereffective|p1a: Kommo-o\n|-end|p1a: Kommo-o|Substitute\n|-unboost|p2a: Great Tusk|def|1\n|-unboost|p2a: Great Tusk|spd|1\n|\n|-heal|p1a: Kommo-o|21/100|[from] item: Leftovers\n|upkeep\n|turn|40\n|\n|t:|1788281712\n|move|p1a: Kommo-o|Drain Punch|p2a: Great Tusk\n|-damage|p2a: Great Tusk|49/100\n|-heal|p1a: Kommo-o|41/100|[from] drain|[of] p2a: Great Tusk\n|move|p2a: Great Tusk|Headlong Rush|p1a: Kommo-o\n|-supereffective|p1a: Kommo-o\n|-damage|p1a: Kommo-o|0 fnt\n|-unboost|p2a: Great Tusk|def|1\n|-unboost|p2a: Great Tusk|spd|1\n|faint|p1a: Kommo-o\n|\n|upkeep\n|c|\u2606power pulser|ggs wp\n|-message|fus_in_b00ts forfeited.\n|\n|win|power pulser\n|raw|fus_in_b00ts's rating: 1430 &rarr; <strong>1408</strong><br />(-22 for losing)\n|raw|power pulser's rating: 1393 &rarr; <strong>1415</strong><br />(+22 for winning)\n|l|\u2606fus_in_b00ts\n|player|p1|\n", "uploadtime": 1788281726, "views": "1", "formatid": "gen9ou", "rating": 1408, "private": 0, "password": null}