{"id": "gen9ou-2673902354", "format": "[Gen 9] OU", "players": ["ickydicky", "IFreakingluvStall"], "log": "|j|\u2606ickydicky\n|j|\u2606IFreakingluvStall\n|t:|1788275080\n|gametype|singles\n|player|p1|ickydicky|170|1382\n|player|p2|IFreakingluvStall|wattson|1398\n|gen|9\n|tier|[Gen 9] OU\n|rated|\n|rule|HP Percentage Mod: HP is shown in percentages\n|rule|Endless Battle Clause: Forcing endless battles is banned\n|rule|Species Clause: Limit one of each Pok\u00e9mon\n|rule|OHKO Clause: OHKO moves are banned\n|rule|Evasion Items Clause: Evasion items are banned\n|rule|Evasion Moves Clause: Evasion moves are banned\n|rule|Evasion Abilities Clause: Evasion abilities are banned\n|rule|Sleep Moves Clause: Sleep-inducing moves are banned\n|clearpoke\n|poke|p1|Bronzong|\n|poke|p1|Noivern, M|\n|poke|p1|Samurott-Hisui, F|\n|poke|p1|Gholdengo|\n|poke|p1|Clefable, M|\n|poke|p1|Great Tusk|\n|poke|p2|Blissey, F|\n|poke|p2|Dondozo, M|\n|poke|p2|Gliscor, M|\n|poke|p2|Toxapex, F|\n|poke|p2|Corviknight, M|\n|poke|p2|Ting-Lu|\n|teampreview\n|inactive|Battle timer is ON: inactive players will automatically lose when time's up. (requested by IFreakingluvStall)\n|c|\u2606ickydicky|oh no...\n|c|\u2606IFreakingluvStall|oh yeah\n|c|\u2606ickydicky|i have to go out in 10 minutes\n|\n|t:|1788275096\n|teamsize|p1|6\n|teamsize|p2|6\n|start\n|switch|p1a: Bronzong|Bronzong|100/100\n|switch|p2a: Toxapex|Toxapex, F|100/100\n|turn|1\n|c|\u2606IFreakingluvStall|oof\n|\n|t:|1788275105\n|switch|p2a: Ting-Lu|Ting-Lu|100/100\n|-ability|p2a: Ting-Lu|Vessel of Ruin\n|move|p1a: Bronzong|Block|p2a: Ting-Lu\n|-activate|p2a: Ting-Lu|trapped\n|\n|upkeep\n|turn|2\n|\n|t:|1788275120\n|switch|p1a: Samurott|Samurott-Hisui, F|100/100\n|move|p2a: Ting-Lu|Ruination|p1a: Samurott\n|-damage|p1a: Samurott|50/100\n|\n|upkeep\n|turn|3\n|\n|t:|1788275132\n|switch|p2a: Toxapex|Toxapex, F|100/100\n|move|p1a: Samurott|Razor Shell|p2a: Toxapex\n|-resisted|p2a: Toxapex\n|-damage|p2a: Toxapex|85/100\n|\n|upkeep\n|turn|4\n|\n|t:|1788275139\n|move|p1a: Samurott|Ceaseless Edge|p2a: Toxapex\n|-damage|p2a: Toxapex|58/100\n|-sidestart|p2: IFreakingluvStall|Spikes\n|move|p2a: Toxapex|Toxic|p1a: Samurott\n|-status|p1a: Samurott|tox\n|\n|-damage|p1a: Samurott|44/100 tox|[from] psn\n|upkeep\n|turn|5\n|\n|t:|1788275148\n|move|p2a: Toxapex|Baneful Bunker|p2a: Toxapex\n|-singleturn|p2a: Toxapex|move: Protect\n|move|p1a: Samurott|Ceaseless Edge|p2a: Toxapex\n|-activate|p2a: Toxapex|move: Protect\n|\n|-damage|p1a: Samurott|32/100 tox|[from] psn\n|upkeep\n|turn|6\n|\n|t:|1788275152\n|switch|p2a: Corviknight|Corviknight, M|100/100\n|-ability|p2a: Corviknight|Pressure\n|move|p1a: Samurott|Ceaseless Edge|p2a: Corviknight\n|-damage|p2a: Corviknight|72/100\n|-damage|p1a: Samurott|15/100 tox|[from] item: Rocky Helmet|[of] p2a: Corviknight\n|-sidestart|p2: IFreakingluvStall|Spikes\n|\n|-damage|p1a: Samurott|0 fnt|[from] psn\n|faint|p1a: Samurott\n|upkeep\n|\n|t:|1788275163\n|switch|p1a: Noivern|Noivern, M|100/100\n|-item|p2a: Corviknight|Rocky Helmet|[from] ability: Frisk|[of] p1a: Noivern\n|turn|7\n|\n|t:|1788275167\n|switch|p2a: Blissey|Blissey, F|100/100\n|move|p1a: Noivern|Flamethrower|p2a: Blissey\n|-damage|p2a: Blissey|89/100\n|\n|upkeep\n|turn|8\n|\n|t:|1788275178\n|switch|p1a: Gholdengo|Gholdengo|100/100\n|-item|p1a: Gholdengo|Air Balloon\n|move|p2a: Blissey|Stealth Rock|p1a: Gholdengo\n|-sidestart|p1: ickydicky|move: Stealth Rock\n|\n|upkeep\n|turn|9\n|\n|t:|1788275196\n|move|p1a: Gholdengo|Thunder Wave|p2a: Blissey\n|-status|p2a: Blissey|par\n|cant|p2a: Blissey|par\n|\n|upkeep\n|turn|10\n|\n|t:|1788275208\n|switch|p1a: Noivern|Noivern, M|100/100\n|-damage|p1a: Noivern|76/100|[from] Stealth Rock\n|-item|p2a: Blissey|Heavy-Duty Boots|[from] ability: Frisk|[of] p1a: Noivern\n|move|p2a: Blissey|Calm Mind|p2a: Blissey\n|-boost|p2a: Blissey|spa|1\n|-boost|p2a: Blissey|spd|1\n|\n|upkeep\n|turn|11\n|\n|t:|1788275224\n|switch|p1a: Great Tusk|Great Tusk|100/100\n|-damage|p1a: Great Tusk|98/100|[from] Stealth Rock\n|-enditem|p1a: Great Tusk|Booster Energy\n|-activate|p1a: Great Tusk|ability: Protosynthesis|[fromitem]\n|-start|p1a: Great Tusk|protosynthesisatk\n|move|p2a: Blissey|Shadow Ball|p1a: Great Tusk\n|-damage|p1a: Great Tusk|62/100\n|-unboost|p1a: Great Tusk|spd|1\n|\n|upkeep\n|turn|12\n|inactive|ickydicky has 120 seconds left.\n|\n|t:|1788275245\n|-curestatus|p2a: Blissey|par|[from] ability: Natural Cure|[silent]\n|switch|p2a: Corviknight|Corviknight, M|72/100\n|-ability|p2a: Corviknight|Pressure\n|-terastallize|p1a: Great Tusk|Fire\n|move|p1a: Great Tusk|Temper Flare|p2a: Corviknight\n|-supereffective|p2a: Corviknight\n|-damage|p2a: Corviknight|3/100\n|-damage|p1a: Great Tusk|46/100|[from] item: Rocky Helmet|[of] p2a: Corviknight\n|\n|upkeep\n|turn|13\n|\n|t:|1788275255\n|switch|p2a: Toxapex|Toxapex, F|92/100\n|move|p1a: Great Tusk|Ice Spinner|p2a: Toxapex\n|-resisted|p2a: Toxapex\n|-damage|p2a: Toxapex|79/100\n|\n|upkeep\n|turn|14\n|inactive|ickydicky has 120 seconds left.\n|\n|t:|1788275288\n|-end|p1a: Great Tusk|Protosynthesis|[silent]\n|switch|p1a: Bronzong|Bronzong|100/100\n|-damage|p1a: Bronzong|94/100|[from] Stealth Rock\n|move|p2a: Toxapex|Baneful Bunker||[still]\n|-fail|p2a: Toxapex\n|\n|-heal|p1a: Bronzong|100/100|[from] item: Leftovers\n|upkeep\n|turn|15\n|\n|t:|1788275296\n|switch|p2a: Ting-Lu|Ting-Lu|100/100\n|-ability|p2a: Ting-Lu|Vessel of Ruin\n|move|p1a: Bronzong|Body Press|p2a: Ting-Lu\n|-supereffective|p2a: Ting-Lu\n|-damage|p2a: Ting-Lu|69/100\n|\n|upkeep\n|turn|16\n|\n|t:|1788275309\n|switch|p2a: Gliscor|Gliscor, M|100/100\n|move|p1a: Bronzong|Body Press|p2a: Gliscor\n|-resisted|p2a: Gliscor\n|-damage|p2a: Gliscor|89/100\n|\n|-status|p2a: Gliscor|tox|[from] item: Toxic Orb\n|upkeep\n|turn|17\n|\n|t:|1788275314\n|move|p2a: Gliscor|Spikes|p1a: Bronzong\n|-sidestart|p1: ickydicky|Spikes\n|move|p1a: Bronzong|Block|p2a: Gliscor\n|-activate|p2a: Gliscor|trapped\n|\n|-heal|p2a: Gliscor|100/100 tox|[from] ability: Poison Heal\n|upkeep\n|turn|18\n|\n|t:|1788275317\n|move|p2a: Gliscor|Spikes|p1a: Bronzong\n|-sidestart|p1: ickydicky|Spikes\n|move|p1a: Bronzong|Skill Swap|p2a: Gliscor\n|-activate|p1a: Bronzong|Skill Swap|Poison Heal|Levitate|[of] p2a: Gliscor\n|\n|-damage|p2a: Gliscor|88/100 tox|[from] psn\n|upkeep\n|turn|19\n|\n|t:|1788275325\n|move|p2a: Gliscor|Knock Off|p1a: Bronzong\n|-supereffective|p1a: Bronzong\n|-damage|p1a: Bronzong|72/100\n|-enditem|p1a: Bronzong|Leftovers|[from] move: Knock Off|[of] p2a: Gliscor\n|move|p1a: Bronzong|Psychic Noise|p2a: Gliscor\n|-crit|p2a: Gliscor\n|-damage|p2a: Gliscor|61/100 tox\n|-start|p2a: Gliscor|move: Heal Block\n|\n|-damage|p2a: Gliscor|42/100 tox|[from] psn\n|upkeep\n|turn|20\n|\n|t:|1788275333\n|move|p2a: Gliscor|Knock Off|p1a: Bronzong\n|-supereffective|p1a: Bronzong\n|-damage|p1a: Bronzong|52/100\n|move|p1a: Bronzong|Psychic Noise|p2a: Gliscor\n|-damage|p2a: Gliscor|24/100 tox\n|\n|-damage|p2a: Gliscor|0 fnt|[from] psn\n|faint|p2a: Gliscor\n|upkeep\n|c|\u2606IFreakingluvStall|tf is this lmao\n|c|\u2606ickydicky|xdddd\n|\n|t:|1788275350\n|switch|p2a: Toxapex|Toxapex, F|100/100\n|turn|21\n|c|\u2606ickydicky|as you can tell i hate gliscor\n|\n|t:|1788275365\n|move|p2a: Toxapex|Infestation|p1a: Bronzong\n|-damage|p1a: Bronzong|49/100\n|-activate|p1a: Bronzong|move: Infestation|[of] p2a: Toxapex\n|move|p1a: Bronzong|Skill Swap|p2a: Toxapex\n|-activate|p1a: Bronzong|Skill Swap|Regenerator|Poison Heal|[of] p2a: Toxapex\n|\n|-damage|p1a: Bronzong|37/100|[from] move: Infestation|[partiallytrapped]\n|upkeep\n|turn|22\n|c|\u2606IFreakingluvStall|no kidding lol\n|\n|t:|1788275375\n|move|p2a: Toxapex|Baneful Bunker|p2a: Toxapex\n|-singleturn|p2a: Toxapex|move: Protect\n|move|p1a: Bronzong|Block|p2a: Toxapex\n|-activate|p2a: Toxapex|trapped\n|\n|-damage|p1a: Bronzong|24/100|[from] move: Infestation|[partiallytrapped]\n|upkeep\n|turn|23\n|\n|t:|1788275403\n|-terastallize|p2a: Toxapex|Ghost\n|move|p2a: Toxapex|Infestation|p1a: Bronzong\n|-damage|p1a: Bronzong|22/100\n|move|p1a: Bronzong|Psychic Noise|p2a: Toxapex\n|-damage|p2a: Toxapex|83/100\n|-start|p2a: Toxapex|move: Heal Block\n|\n|-damage|p1a: Bronzong|10/100|[from] move: Infestation|[partiallytrapped]\n|upkeep\n|turn|24\n|\n|t:|1788275417\n|move|p2a: Toxapex|Baneful Bunker|p2a: Toxapex\n|-singleturn|p2a: Toxapex|move: Protect\n|move|p1a: Bronzong|Psychic Noise|p2a: Toxapex\n|-activate|p2a: Toxapex|move: Protect\n|\n|-damage|p1a: Bronzong|0 fnt|[from] move: Infestation|[partiallytrapped]\n|faint|p1a: Bronzong\n|-end|p2a: Toxapex|move: Heal Block\n|upkeep\n|inactive|ickydicky has 120 seconds left.\n|c|\u2606IFreakingluvStall|if you hate stall why not just use mixed kyrem or hoop unbound\n|c|\u2606ickydicky|i dont hate stall\n|c|\u2606ickydicky|i just dont have time rn\n|inactive|ickydicky has 90 seconds left.\n|c|\u2606ickydicky|i just hate gliscor\n|c|\u2606IFreakingluvStall|same thing lol\n|c|\u2606ickydicky|hahaa nahh\n|c|\u2606ickydicky|also i like bronzong hes cute\n|\n|t:|1788275500\n|switch|p1a: Gholdengo|Gholdengo|100/100\n|-damage|p1a: Gholdengo|94/100|[from] Stealth Rock\n|-item|p1a: Gholdengo|Air Balloon\n|turn|25\n|c|\u2606IFreakingluvStall|based\n|\n|t:|1788275517\n|move|p1a: Gholdengo|Shadow Ball|p2a: Toxapex\n|-supereffective|p2a: Toxapex\n|-damage|p2a: Toxapex|26/100\n|move|p2a: Toxapex|Infestation|p1a: Gholdengo\n|-resisted|p1a: Gholdengo\n|-damage|p1a: Gholdengo|94/100\n|-activate|p1a: Gholdengo|move: Infestation|[of] p2a: Toxapex\n|-enditem|p1a: Gholdengo|Air Balloon\n|\n|-damage|p1a: Gholdengo|81/100|[from] move: Infestation|[partiallytrapped]\n|upkeep\n|turn|26\n|\n|t:|1788275530\n|switch|p2a: Blissey|Blissey, F|89/100\n|move|p1a: Gholdengo|Make It Rain|p2a: Blissey\n|-damage|p2a: Blissey|73/100\n|-unboost|p1a: Gholdengo|spa|1\n|\n|-end|p1a: Gholdengo|Infestation|[partiallytrapped]|[silent]\n|upkeep\n|turn|27\n|c|\u2606IFreakingluvStall|not hex?\n|c|\u2606ickydicky|yeah i fucked up\n|inactive|ickydicky has 60 seconds left.\n|c|\u2606ickydicky|shouldve been hex\n|\n|t:|1788275547\n|switch|p1a: Clefable|Clefable, M|100/100\n|move|p2a: Blissey|Shadow Ball|p1a: Clefable\n|-damage|p1a: Clefable|86/100\n|\n|upkeep\n|turn|28\n|c|\u2606IFreakingluvStall|was going to say\n|inactive|ickydicky has 60 seconds left.\n|\n|t:|1788275579\n|switch|p2a: Toxapex|Toxapex, F, tera:Ghost|26/100\n|move|p1a: Clefable|Thunder Wave|p2a: Toxapex\n|-status|p2a: Toxapex|par\n|\n|upkeep\n|turn|29\n|\n|t:|1788275586\n|switch|p2a: Ting-Lu|Ting-Lu|69/100\n|-ability|p2a: Ting-Lu|Vessel of Ruin\n|move|p1a: Clefable|Moonblast|p2a: Ting-Lu\n|-supereffective|p2a: Ting-Lu\n|-damage|p2a: Ting-Lu|44/100\n|\n|upkeep\n|turn|30\n|\n|t:|1788275596\n|move|p1a: Clefable|Moonblast|p2a: Ting-Lu\n|-supereffective|p2a: Ting-Lu\n|-damage|p2a: Ting-Lu|19/100\n|move|p2a: Ting-Lu|Whirlwind|p1a: Clefable\n|drag|p1a: Great Tusk|Great Tusk, tera:Fire|46/100\n|-damage|p1a: Great Tusk|21/100|[from] Stealth Rock\n|-damage|p1a: Great Tusk|4/100|[from] Spikes\n|\n|upkeep\n|turn|31\n|inactive|ickydicky has 60 seconds left.\n|\n|t:|1788275612\n|switch|p2a: Corviknight|Corviknight, M|3/100\n|-ability|p2a: Corviknight|Pressure\n|move|p1a: Great Tusk|Headlong Rush|p2a: Corviknight\n|-immune|p2a: Corviknight\n|\n|upkeep\n|turn|32\n|inactive|ickydicky has 60 seconds left.\n|\n|t:|1788275621\n|move|p1a: Great Tusk|Rapid Spin|p2a: Corviknight\n|-resisted|p2a: Corviknight\n|-damage|p2a: Corviknight|0 fnt\n|-boost|p1a: Great Tusk|spe|1\n|-damage|p1a: Great Tusk|0 fnt|[from] item: Rocky Helmet|[of] p2a: Corviknight\n|faint|p2a: Corviknight\n|faint|p1a: Great Tusk\n|-end|p1a: Great Tusk|Protosynthesis|[silent]\n|\n|upkeep\n|inactive|ickydicky has 60 seconds left.\n|\n|t:|1788275634\n|switch|p1a: Noivern|Noivern, M|76/100\n|switch|p2a: Toxapex|Toxapex, F, tera:Ghost|59/100 par\n|-damage|p1a: Noivern|51/100|[from] Stealth Rock\n|-item|p2a: Toxapex|Heavy-Duty Boots|[from] ability: Frisk|[of] p1a: Noivern\n|turn|33\n|\n|t:|1788275646\n|switch|p2a: Ting-Lu|Ting-Lu|19/100\n|-ability|p2a: Ting-Lu|Vessel of Ruin\n|move|p1a: Noivern|Draco Meteor|p2a: Ting-Lu\n|-damage|p2a: Ting-Lu|0 fnt\n|-unboost|p1a: Noivern|spa|2\n|faint|p2a: Ting-Lu\n|\n|upkeep\n|\n|t:|1788275654\n|switch|p2a: Toxapex|Toxapex, F, tera:Ghost|93/100 par\n|turn|34\n|c|\u2606ickydicky|welp ggs\n|c|\u2606ickydicky|gotta go\n|c|\u2606IFreakingluvStall|gg\n|c|\u2606ickydicky|you win anywaysss\n|c|\u2606ickydicky|byebye\n|-message|ickydicky forfeited.\n|\n|win|IFreakingluvStall\n|raw|ickydicky's rating: 1382 &rarr; <strong>1363</strong><br />(-19 for losing)\n|raw|IFreakingluvStall's rating: 1398 &rarr; <strong>1417</strong><br />(+19 for winning)\n|l|\u2606ickydicky\n|player|p1|\n|c|\u2606IFreakingluvStall|bye\n|l|\u2606IFreakingluvStall\n|player|p2|\n", "uploadtime": 1788275826, "views": "0", "formatid": "gen9ou", "rating": 1363, "private": 0, "password": null}