{"id": "gen9ou-2673909489", "format": "[Gen 9] OU", "players": ["heirloom tomato", "Prof Flygonnagal"], "log": "|j|\u2606heirloom tomato\n|j|\u2606Prof Flygonnagal\n|t:|1788275955\n|gametype|singles\n|player|p1|heirloom tomato|gentleman-gen4|1490\n|player|p2|Prof Flygonnagal|silver|1457\n|gen|9\n|tier|[Gen 9] OU\n|rated|\n|rule|HP Percentage Mod: HP is shown in percentages\n|rule|Endless Battle Clause: Forcing endless battles is banned\n|rule|Species Clause: Limit one of each Pok\u00e9mon\n|rule|OHKO Clause: OHKO moves are banned\n|rule|Evasion Items Clause: Evasion items are banned\n|rule|Evasion Moves Clause: Evasion moves are banned\n|rule|Evasion Abilities Clause: Evasion abilities are banned\n|rule|Sleep Moves Clause: Sleep-inducing moves are banned\n|clearpoke\n|poke|p1|Araquanid, F|\n|poke|p1|Enamorus, F|\n|poke|p1|Serperior, M|\n|poke|p1|Cinderace, M|\n|poke|p1|Milotic, F|\n|poke|p1|Kingambit, F|\n|poke|p2|Cinderace, F|\n|poke|p2|Rillaboom, F|\n|poke|p2|Zamazenta-*|\n|poke|p2|Dragapult, M|\n|poke|p2|Rotom-Wash|\n|poke|p2|Heatran, M|\n|teampreview\n|\n|t:|1788275971\n|teamsize|p1|6\n|teamsize|p2|6\n|start\n|switch|p1a: Araquanid|Araquanid, F|100/100\n|switch|p2a: Rotom|Rotom-Wash|100/100\n|turn|1\n|\n|t:|1788275981\n|move|p2a: Rotom|Volt Switch|p1a: Araquanid\n|-supereffective|p1a: Araquanid\n|-damage|p1a: Araquanid|47/100\n|\n|t:|1788275986\n|switch|p2a: Rillaboom|Rillaboom, F|100/100|[from] Volt Switch\n|-fieldstart|move: Grassy Terrain|[from] ability: Grassy Surge|[of] p2a: Rillaboom\n|move|p1a: Araquanid|Sticky Web|p2a: Rillaboom\n|-sidestart|p2: Prof Flygonnagal|move: Sticky Web\n|\n|-heal|p1a: Araquanid|53/100|[from] Grassy Terrain\n|upkeep\n|turn|2\n|\n|t:|1788275989\n|switch|p1a: Cinderace|Cinderace, M|100/100\n|move|p2a: Rillaboom|Grassy Glide|p1a: Cinderace\n|-resisted|p1a: Cinderace\n|-damage|p1a: Cinderace|73/100\n|\n|-heal|p1a: Cinderace|79/100|[from] Grassy Terrain\n|upkeep\n|turn|3\n|\n|t:|1788275993\n|move|p1a: Cinderace|Court Change|p1a: Cinderace\n|-swapsideconditions\n|-activate|p1a: Cinderace|move: Court Change\n|move|p2a: Rillaboom|Knock Off|p1a: Cinderace\n|-damage|p1a: Cinderace|25/100\n|-enditem|p1a: Cinderace|Heavy-Duty Boots|[from] move: Knock Off|[of] p2a: Rillaboom\n|\n|-heal|p1a: Cinderace|31/100|[from] Grassy Terrain\n|upkeep\n|turn|4\n|\n|t:|1788275995\n|move|p1a: Cinderace|U-turn|p2a: Rillaboom\n|-supereffective|p2a: Rillaboom\n|-damage|p2a: Rillaboom|62/100\n|\n|t:|1788276002\n|switch|p1a: Araquanid|Araquanid, F|53/100|[from] U-turn\n|-activate|p1a: Araquanid|move: Sticky Web\n|-unboost|p1a: Araquanid|spe|1\n|move|p2a: Rillaboom|U-turn|p1a: Araquanid\n|-crit|p1a: Araquanid\n|-damage|p1a: Araquanid|14/100\n|\n|t:|1788276016\n|switch|p2a: Dragapult|Dragapult, M|100/100|[from] U-turn\n|\n|-heal|p1a: Araquanid|20/100|[from] Grassy Terrain\n|upkeep\n|turn|5\n|-enditem|p1a: Araquanid|Custap Berry|[eat]\n|-activate|p1a: Araquanid|item: Custap Berry|[consumed]\n|\n|t:|1788276022\n|move|p1a: Araquanid|Surf|p2a: Dragapult\n|-resisted|p2a: Dragapult\n|-damage|p2a: Dragapult|65/100\n|move|p2a: Dragapult|U-turn|p1a: Araquanid\n|-damage|p1a: Araquanid|2/100\n|\n|t:|1788276027\n|switch|p2a: Cinderace|Cinderace, F|100/100|[from] U-turn\n|\n|-heal|p1a: Araquanid|8/100|[from] Grassy Terrain\n|-fieldend|move: Grassy Terrain\n|upkeep\n|turn|6\n|\n|t:|1788276030\n|move|p2a: Cinderace|Court Change|p2a: Cinderace\n|-start|p2a: Cinderace|typechange|Normal|[from] ability: Libero\n|-swapsideconditions\n|-activate|p2a: Cinderace|move: Court Change\n|move|p1a: Araquanid|Surf|p2a: Cinderace\n|-damage|p2a: Cinderace|18/100\n|\n|upkeep\n|turn|7\n|\n|t:|1788276036\n|move|p2a: Cinderace|U-turn|p1a: Araquanid\n|-damage|p1a: Araquanid|0 fnt\n|faint|p1a: Araquanid\n|\n|t:|1788276043\n|switch|p2a: Rillaboom|Rillaboom, F|62/100|[from] U-turn\n|-activate|p2a: Rillaboom|move: Sticky Web\n|-unboost|p2a: Rillaboom|spe|1\n|-fieldstart|move: Grassy Terrain|[from] ability: Grassy Surge|[of] p2a: Rillaboom\n|\n|-heal|p2a: Rillaboom|69/100|[from] Grassy Terrain\n|upkeep\n|\n|t:|1788276048\n|switch|p1a: Cinderace|Cinderace, M|31/100\n|turn|8\n|\n|t:|1788276050\n|-terastallize|p2a: Rillaboom|Grass\n|move|p2a: Rillaboom|Grassy Glide|p1a: Cinderace\n|-resisted|p1a: Cinderace\n|-damage|p1a: Cinderace|0 fnt\n|faint|p1a: Cinderace\n|\n|-heal|p2a: Rillaboom|75/100|[from] Grassy Terrain\n|upkeep\n|\n|t:|1788276054\n|switch|p1a: Serperior|Serperior, M|100/100\n|turn|9\n|\n|t:|1788276058\n|move|p1a: Serperior|Glare|p2a: Rillaboom\n|-status|p2a: Rillaboom|par\n|cant|p2a: Rillaboom|par\n|\n|-heal|p2a: Rillaboom|81/100 par|[from] Grassy Terrain\n|upkeep\n|turn|10\n|\n|t:|1788276060\n|move|p1a: Serperior|Substitute|p1a: Serperior\n|-start|p1a: Serperior|Substitute\n|-damage|p1a: Serperior|76/100\n|move|p2a: Rillaboom|U-turn|p1a: Serperior\n|-supereffective|p1a: Serperior\n|-end|p1a: Serperior|Substitute\n|\n|t:|1788276063\n|switch|p2a: Cinderace|Cinderace, F|18/100|[from] U-turn\n|\n|-heal|p2a: Cinderace|24/100|[from] Grassy Terrain\n|-heal|p1a: Serperior|82/100|[from] Grassy Terrain\n|-heal|p1a: Serperior|88/100|[from] item: Leftovers\n|upkeep\n|turn|11\n|\n|t:|1788276066\n|move|p2a: Cinderace|Pyro Ball|p1a: Serperior\n|-supereffective|p1a: Serperior\n|-damage|p1a: Serperior|0 fnt\n|faint|p1a: Serperior\n|\n|-heal|p2a: Cinderace|30/100|[from] Grassy Terrain\n|-fieldend|move: Grassy Terrain\n|upkeep\n|\n|t:|1788276068\n|switch|p1a: Milotic|Milotic, F|100/100\n|turn|12\n|\n|t:|1788276071\n|move|p2a: Cinderace|U-turn|p1a: Milotic\n|-start|p2a: Cinderace|typechange|Bug|[from] ability: Libero\n|-damage|p1a: Milotic|62/100\n|\n|t:|1788276075\n|switch|p2a: Rillaboom|Rillaboom, F, tera:Grass|81/100 par|[from] U-turn\n|-activate|p2a: Rillaboom|move: Sticky Web\n|-unboost|p2a: Rillaboom|spe|1\n|-fieldstart|move: Grassy Terrain|[from] ability: Grassy Surge|[of] p2a: Rillaboom\n|move|p1a: Milotic|Surf|p2a: Rillaboom\n|-resisted|p2a: Rillaboom\n|-damage|p2a: Rillaboom|58/100 par\n|\n|-heal|p1a: Milotic|68/100|[from] Grassy Terrain\n|-heal|p2a: Rillaboom|64/100 par|[from] Grassy Terrain\n|upkeep\n|turn|13\n|\n|t:|1788276080\n|switch|p1a: Enamorus|Enamorus, F|100/100\n|cant|p2a: Rillaboom|par\n|\n|-heal|p2a: Rillaboom|70/100 par|[from] Grassy Terrain\n|upkeep\n|turn|14\n|\n|t:|1788276083\n|move|p1a: Enamorus|Earth Power|p2a: Rillaboom\n|-resisted|p2a: Rillaboom\n|-damage|p2a: Rillaboom|50/100 par\n|cant|p2a: Rillaboom|par\n|\n|-heal|p2a: Rillaboom|56/100 par|[from] Grassy Terrain\n|upkeep\n|turn|15\n|-message|heirloom tomato forfeited.\n|\n|win|Prof Flygonnagal\n|raw|heirloom tomato's rating: 1490 &rarr; <strong>1468</strong><br />(-22 for losing)\n|raw|Prof Flygonnagal's rating: 1457 &rarr; <strong>1479</strong><br />(+22 for winning)\n|l|\u2606heirloom tomato\n|player|p1|\n|l|\u2606Prof Flygonnagal\n|player|p2|\n", "uploadtime": 1788276233, "views": "4", "formatid": "gen9ou", "rating": 1468, "private": 0, "password": null}