{"id": "gen9ou-2673956877", "format": "[Gen 9] OU", "players": ["Geli08", "kangarooteam1"], "log": "|j|\u2606Geli08\n|j|\u2606kangarooteam1\n|t:|1788281630\n|gametype|singles\n|player|p1|Geli08|cilan|1537\n|player|p2|kangarooteam1|1|1579\n|gen|9\n|tier|[Gen 9] OU\n|rated|\n|rule|HP Percentage Mod: HP is shown in percentages\n|rule|Endless Battle Clause: Forcing endless battles is banned\n|rule|Species Clause: Limit one of each Pok\u00e9mon\n|rule|OHKO Clause: OHKO moves are banned\n|rule|Evasion Items Clause: Evasion items are banned\n|rule|Evasion Moves Clause: Evasion moves are banned\n|rule|Evasion Abilities Clause: Evasion abilities are banned\n|rule|Sleep Moves Clause: Sleep-inducing moves are banned\n|clearpoke\n|poke|p1|Alomomola, F|\n|poke|p1|Pecharunt|\n|poke|p1|Iron Valiant|\n|poke|p1|Kyurem|\n|poke|p1|Great Tusk|\n|poke|p1|Raging Bolt|\n|poke|p2|Great Tusk|\n|poke|p2|Gholdengo|\n|poke|p2|Raging Bolt|\n|poke|p2|Iron Valiant|\n|poke|p2|Ogerpon-Wellspring, F|\n|poke|p2|Kingambit, M|\n|teampreview\n|inactive|Battle timer is ON: inactive players will automatically lose when time's up. (requested by kangarooteam1)\n|\n|t:|1788281646\n|teamsize|p1|6\n|teamsize|p2|6\n|start\n|switch|p1a: You|Kyurem|100/100\n|switch|p2a: Gholdengo|Gholdengo|100/100\n|-ability|p1a: You|Pressure\n|-item|p2a: Gholdengo|Air Balloon\n|turn|1\n|\n|t:|1788281650\n|switch|p1a: Princess|Alomomola, F|100/100\n|move|p2a: Gholdengo|Make It Rain|p1a: Princess\n|-resisted|p1a: Princess\n|-damage|p1a: Princess|85/100\n|-unboost|p2a: Gholdengo|spa|1\n|\n|upkeep\n|turn|2\n|\n|t:|1788281653\n|switch|p2a: Ogerpon|Ogerpon-Wellspring, F|100/100\n|move|p1a: Princess|Flip Turn|p2a: Ogerpon\n|-immune|p2a: Ogerpon|[from] ability: Water Absorb\n|\n|upkeep\n|turn|3\n|\n|t:|1788281657\n|switch|p1a: The Entity|Pecharunt|100/100\n|move|p2a: Ogerpon|U-turn|p1a: The Entity\n|-resisted|p1a: The Entity\n|-damage|p1a: The Entity|97/100\n|\n|t:|1788281658\n|switch|p2a: Gholdengo|Gholdengo|100/100|[from] U-turn\n|-item|p2a: Gholdengo|Air Balloon\n|\n|-heal|p1a: The Entity|100/100|[from] item: Leftovers\n|upkeep\n|turn|4\n|\n|t:|1788281665\n|move|p2a: Gholdengo|Nasty Plot|p2a: Gholdengo\n|-boost|p2a: Gholdengo|spa|2\n|move|p1a: The Entity|Shadow Ball|p2a: Gholdengo\n|-supereffective|p2a: Gholdengo\n|-damage|p2a: Gholdengo|47/100\n|-enditem|p2a: Gholdengo|Air Balloon\n|\n|upkeep\n|turn|5\n|j| Sashannarcy\n|\n|t:|1788281675\n|move|p2a: Gholdengo|Shadow Ball|p1a: The Entity\n|-supereffective|p1a: The Entity\n|-damage|p1a: The Entity|0 fnt\n|faint|p1a: The Entity\n|\n|upkeep\n|\n|t:|1788281696\n|switch|p1a: The Great Tusk|Great Tusk|100/100\n|turn|6\n|\n|t:|1788281705\n|switch|p2a: Great Tusk|Great Tusk|100/100\n|move|p1a: The Great Tusk|Headlong Rush|p2a: Great Tusk\n|-damage|p2a: Great Tusk|67/100\n|-unboost|p1a: The Great Tusk|def|1\n|-unboost|p1a: The Great Tusk|spd|1\n|\n|-heal|p2a: Great Tusk|73/100|[from] item: Leftovers\n|upkeep\n|turn|7\n|\n|t:|1788281708\n|-end|p1a: The Great Tusk|Protosynthesis|[silent]\n|switch|p1a: Princess|Alomomola, F|100/100\n|move|p2a: Great Tusk|Earthquake|p1a: Princess\n|-damage|p1a: Princess|66/100\n|\n|-heal|p2a: Great Tusk|79/100|[from] item: Leftovers\n|upkeep\n|turn|8\n|\n|t:|1788281710\n|move|p2a: Great Tusk|Earthquake|p1a: Princess\n|-damage|p1a: Princess|32/100\n|move|p1a: Princess|Scald|p2a: Great Tusk\n|-supereffective|p2a: Great Tusk\n|-damage|p2a: Great Tusk|43/100\n|\n|-heal|p2a: Great Tusk|49/100|[from] item: Leftovers\n|upkeep\n|turn|9\n|\n|t:|1788281717\n|switch|p1a: The Great Tusk|Great Tusk|100/100\n|move|p2a: Great Tusk|Earthquake|p1a: The Great Tusk\n|-damage|p1a: The Great Tusk|75/100\n|\n|-heal|p2a: Great Tusk|55/100|[from] item: Leftovers\n|upkeep\n|turn|10\n|\n|t:|1788281719\n|move|p2a: Great Tusk|Earthquake|p1a: The Great Tusk\n|-damage|p1a: The Great Tusk|47/100\n|move|p1a: The Great Tusk|Knock Off|p2a: Great Tusk\n|-resisted|p2a: Great Tusk\n|-damage|p2a: Great Tusk|46/100\n|-enditem|p2a: Great Tusk|Leftovers|[from] move: Knock Off|[of] p1a: The Great Tusk\n|\n|upkeep\n|turn|11\n|\n|t:|1788281720\n|move|p2a: Great Tusk|Earthquake|p1a: The Great Tusk\n|-damage|p1a: The Great Tusk|18/100\n|move|p1a: The Great Tusk|Ice Spinner|p2a: Great Tusk\n|-supereffective|p2a: Great Tusk\n|-damage|p2a: Great Tusk|16/100\n|\n|upkeep\n|turn|12\n|\n|t:|1788281725\n|move|p2a: Great Tusk|Earthquake|p1a: The Great Tusk\n|-damage|p1a: The Great Tusk|0 fnt\n|faint|p1a: The Great Tusk\n|-end|p1a: The Great Tusk|Protosynthesis|[silent]\n|\n|upkeep\n|\n|t:|1788281728\n|switch|p1a: You|Kyurem|100/100\n|-ability|p1a: You|Pressure\n|turn|13\n|\n|t:|1788281733\n|-end|p2a: Great Tusk|Protosynthesis|[silent]\n|switch|p2a: Kingambit|Kingambit, M|100/100\n|move|p1a: You|Icicle Spear|p2a: Kingambit\n|-resisted|p2a: Kingambit\n|-damage|p2a: Kingambit|96/100\n|-resisted|p2a: Kingambit\n|-damage|p2a: Kingambit|91/100\n|-resisted|p2a: Kingambit\n|-damage|p2a: Kingambit|87/100\n|-resisted|p2a: Kingambit\n|-damage|p2a: Kingambit|82/100\n|-resisted|p2a: Kingambit\n|-damage|p2a: Kingambit|77/100\n|-hitcount|p2a: Kingambit|5\n|\n|-heal|p2a: Kingambit|83/100|[from] item: Leftovers\n|upkeep\n|turn|14\n|\n|t:|1788281737\n|switch|p1a: Princess|Alomomola, F|65/100\n|move|p2a: Kingambit|Swords Dance|p2a: Kingambit\n|-boost|p2a: Kingambit|atk|2\n|\n|-heal|p2a: Kingambit|89/100|[from] item: Leftovers\n|upkeep\n|turn|15\n|\n|t:|1788281741\n|move|p2a: Kingambit|Sucker Punch|p1a: Princess\n|-damage|p1a: Princess|7/100\n|move|p1a: Princess|Flip Turn|p2a: Kingambit\n|-damage|p2a: Kingambit|77/100\n|\n|t:|1788281744\n|switch|p1a: The Narrator|Raging Bolt|100/100|[from] Flip Turn\n|\n|-heal|p2a: Kingambit|83/100|[from] item: Leftovers\n|upkeep\n|turn|16\n|\n|t:|1788281752\n|move|p1a: The Narrator|Volt Switch|p2a: Kingambit\n|-damage|p2a: Kingambit|26/100\n|\n|t:|1788281758\n|-end|p1a: The Narrator|Protosynthesis|[silent]\n|switch|p1a: Voice of the hero|Iron Valiant|100/100|[from] Volt Switch\n|-enditem|p1a: Voice of the hero|Booster Energy\n|-activate|p1a: Voice of the hero|ability: Quark Drive|[fromitem]\n|-start|p1a: Voice of the hero|quarkdrivespe\n|move|p2a: Kingambit|Kowtow Cleave|p1a: Voice of the hero\n|-resisted|p1a: Voice of the hero\n|-crit|p1a: Voice of the hero\n|-damage|p1a: Voice of the hero|53/100\n|\n|-heal|p2a: Kingambit|32/100|[from] item: Leftovers\n|upkeep\n|turn|17\n|\n|t:|1788281768\n|-end|p2a: Kingambit|fallenundefined|[silent]\n|switch|p2a: Great Tusk|Great Tusk|16/100\n|move|p1a: Voice of the hero|Moonblast|p2a: Great Tusk\n|-supereffective|p2a: Great Tusk\n|-damage|p2a: Great Tusk|0 fnt\n|faint|p2a: Great Tusk\n|-end|p2a: Great Tusk|Protosynthesis|[silent]\n|\n|upkeep\n|\n|t:|1788281771\n|switch|p2a: Raging Bolt|Raging Bolt|100/100\n|turn|18\n|\n|t:|1788281776\n|move|p2a: Raging Bolt|Thunderclap||[still]\n|-fail|p2a: Raging Bolt\n|move|p1a: Voice of the hero|Calm Mind|p1a: Voice of the hero\n|-boost|p1a: Voice of the hero|spa|1\n|-boost|p1a: Voice of the hero|spd|1\n|\n|upkeep\n|turn|19\n|\n|t:|1788281781\n|-terastallize|p2a: Raging Bolt|Fairy\n|move|p1a: Voice of the hero|Calm Mind|p1a: Voice of the hero\n|-boost|p1a: Voice of the hero|spa|1\n|-boost|p1a: Voice of the hero|spd|1\n|move|p2a: Raging Bolt|Calm Mind|p2a: Raging Bolt\n|-boost|p2a: Raging Bolt|spa|1\n|-boost|p2a: Raging Bolt|spd|1\n|\n|upkeep\n|turn|20\n|\n|t:|1788281790\n|move|p1a: Voice of the hero|Moonblast|p2a: Raging Bolt\n|-damage|p2a: Raging Bolt|52/100\n|move|p2a: Raging Bolt|Thunderbolt|p1a: Voice of the hero\n|-damage|p1a: Voice of the hero|0 fnt\n|faint|p1a: Voice of the hero\n|-end|p1a: Voice of the hero|Quark Drive|[silent]\n|\n|-heal|p2a: Raging Bolt|58/100|[from] item: Leftovers\n|upkeep\n|\n|t:|1788281800\n|switch|p1a: The Narrator|Raging Bolt|100/100\n|turn|21\n|\n|t:|1788281806\n|-terastallize|p1a: The Narrator|Electric\n|move|p2a: Raging Bolt|Dragon Pulse|p1a: The Narrator\n|-damage|p1a: The Narrator|39/100\n|move|p1a: The Narrator|Volt Switch|p2a: Raging Bolt\n|-damage|p2a: Raging Bolt|12/100\n|\n|t:|1788281814\n|-end|p1a: The Narrator|Protosynthesis|[silent]\n|switch|p1a: You|Kyurem|100/100|[from] Volt Switch\n|-ability|p1a: You|Pressure\n|\n|-heal|p2a: Raging Bolt|18/100|[from] item: Leftovers\n|upkeep\n|turn|22\n|\n|t:|1788281818\n|move|p2a: Raging Bolt|Thunderclap||[still]\n|-fail|p2a: Raging Bolt\n|move|p1a: You|Dragon Dance|p1a: You\n|-boost|p1a: You|atk|1\n|-boost|p1a: You|spe|1\n|\n|-heal|p2a: Raging Bolt|24/100|[from] item: Leftovers\n|upkeep\n|turn|23\n|\n|t:|1788281820\n|move|p1a: You|Icicle Spear|p2a: Raging Bolt\n|-damage|p2a: Raging Bolt|7/100\n|-damage|p2a: Raging Bolt|0 fnt\n|faint|p2a: Raging Bolt\n|-end|p2a: Raging Bolt|Protosynthesis|[silent]\n|-hitcount|p2: Raging Bolt|2\n|\n|upkeep\n|\n|t:|1788281821\n|switch|p2a: Kingambit|Kingambit, M|32/100\n|-activate|p2a: Kingambit|ability: Supreme Overlord\n|-start|p2a: Kingambit|fallen2|[silent]\n|turn|24\n|\n|t:|1788281823\n|move|p1a: You|Earth Power|p2a: Kingambit\n|-supereffective|p2a: Kingambit\n|-damage|p2a: Kingambit|0 fnt\n|faint|p2a: Kingambit\n|-end|p2a: Kingambit|fallen2|[silent]\n|\n|upkeep\n|\n|t:|1788281824\n|switch|p2a: Iron Valiant|Iron Valiant|100/100\n|-enditem|p2a: Iron Valiant|Booster Energy\n|-activate|p2a: Iron Valiant|ability: Quark Drive|[fromitem]\n|-start|p2a: Iron Valiant|quarkdrivespe\n|turn|25\n|\n|t:|1788281831\n|switch|p1a: Princess|Alomomola, F|40/100\n|move|p2a: Iron Valiant|Encore||[still]\n|-fail|p2a: Iron Valiant\n|\n|upkeep\n|turn|26\n|\n|t:|1788281838\n|-end|p2a: Iron Valiant|Quark Drive|[silent]\n|switch|p2a: Ogerpon|Ogerpon-Wellspring, F|100/100\n|move|p1a: Princess|Flip Turn|p2a: Ogerpon\n|-immune|p2a: Ogerpon|[from] ability: Water Absorb\n|\n|upkeep\n|turn|27\n|\n|t:|1788281844\n|switch|p1a: The Narrator|Raging Bolt, tera:Electric|39/100\n|move|p2a: Ogerpon|U-turn|p1a: The Narrator\n|-damage|p1a: The Narrator|17/100\n|\n|t:|1788281845\n|switch|p2a: Gholdengo|Gholdengo|47/100|[from] U-turn\n|\n|upkeep\n|turn|28\n|\n|t:|1788281855\n|move|p1a: The Narrator|Thunderclap||[still]\n|-fail|p1a: The Narrator\n|move|p2a: Gholdengo|Recover|p2a: Gholdengo\n|-heal|p2a: Gholdengo|97/100\n|\n|upkeep\n|turn|29\n|\n|t:|1788281860\n|-end|p1a: The Narrator|Protosynthesis|[silent]\n|switch|p1a: Princess|Alomomola, F|73/100\n|move|p2a: Gholdengo|Nasty Plot|p2a: Gholdengo\n|-boost|p2a: Gholdengo|spa|2\n|\n|upkeep\n|turn|30\n|\n|t:|1788281866\n|move|p2a: Gholdengo|Nasty Plot|p2a: Gholdengo\n|-boost|p2a: Gholdengo|spa|2\n|move|p1a: Princess|Mirror Coat||[still]\n|-fail|p1a: Princess\n|\n|upkeep\n|turn|31\n|\n|t:|1788281872\n|move|p2a: Gholdengo|Shadow Ball|p1a: Princess\n|-damage|p1a: Princess|16/100\n|-unboost|p1a: Princess|spd|1\n|move|p1a: Princess|Flip Turn|p2a: Gholdengo\n|-damage|p2a: Gholdengo|79/100\n|\n|t:|1788281877\n|switch|p1a: The Narrator|Raging Bolt, tera:Electric|17/100|[from] Flip Turn\n|\n|upkeep\n|turn|32\n|\n|t:|1788281880\n|move|p1a: The Narrator|Thunderclap|p2a: Gholdengo\n|-damage|p2a: Gholdengo|0 fnt\n|faint|p2a: Gholdengo\n|\n|upkeep\n|\n|t:|1788281882\n|switch|p2a: Iron Valiant|Iron Valiant|100/100\n|turn|33\n|\n|t:|1788281887\n|-end|p1a: The Narrator|Protosynthesis|[silent]\n|switch|p1a: Princess|Alomomola, F|49/100\n|move|p2a: Iron Valiant|Encore||[still]\n|-fail|p2a: Iron Valiant\n|\n|upkeep\n|turn|34\n|\n|t:|1788281892\n|-end|p2a: Iron Valiant|Quark Drive|[silent]\n|switch|p2a: Ogerpon|Ogerpon-Wellspring, F|100/100\n|move|p1a: Princess|Body Slam|p2a: Ogerpon\n|-damage|p2a: Ogerpon|80/100\n|\n|upkeep\n|turn|35\n|\n|t:|1788281897\n|switch|p2a: Iron Valiant|Iron Valiant|100/100\n|switch|p1a: You|Kyurem|100/100\n|-ability|p1a: You|Pressure\n|\n|upkeep\n|turn|36\n|\n|t:|1788281900\n|switch|p1a: Princess|Alomomola, F|83/100\n|move|p2a: Iron Valiant|Moonblast|p1a: Princess\n|-damage|p1a: Princess|59/100\n|\n|upkeep\n|turn|37\n|\n|t:|1788281904\n|-end|p2a: Iron Valiant|Quark Drive|[silent]\n|switch|p2a: Ogerpon|Ogerpon-Wellspring, F|80/100\n|move|p1a: Princess|Body Slam|p2a: Ogerpon\n|-damage|p2a: Ogerpon|60/100\n|\n|upkeep\n|turn|38\n|\n|t:|1788281912\n|switch|p2a: Iron Valiant|Iron Valiant|100/100\n|switch|p1a: You|Kyurem|100/100\n|-ability|p1a: You|Pressure\n|\n|upkeep\n|turn|39\n|\n|t:|1788281914\n|switch|p1a: Princess|Alomomola, F|92/100\n|move|p2a: Iron Valiant|Moonblast|p1a: Princess\n|-damage|p1a: Princess|71/100\n|\n|upkeep\n|turn|40\n|\n|t:|1788281917\n|-end|p2a: Iron Valiant|Quark Drive|[silent]\n|switch|p2a: Ogerpon|Ogerpon-Wellspring, F|60/100\n|move|p1a: Princess|Body Slam|p2a: Ogerpon\n|-damage|p2a: Ogerpon|40/100\n|\n|upkeep\n|turn|41\n|\n|t:|1788281921\n|move|p2a: Ogerpon|U-turn|p1a: Princess\n|-damage|p1a: Princess|51/100\n|\n|t:|1788281921\n|switch|p2a: Iron Valiant|Iron Valiant|100/100|[from] U-turn\n|move|p1a: Princess|Flip Turn|p2a: Iron Valiant\n|-crit|p2a: Iron Valiant\n|-damage|p2a: Iron Valiant|70/100\n|\n|t:|1788281924\n|switch|p1a: The Narrator|Raging Bolt, tera:Electric|17/100|[from] Flip Turn\n|\n|upkeep\n|turn|42\n|\n|t:|1788281927\n|-end|p2a: Iron Valiant|Quark Drive|[silent]\n|switch|p2a: Ogerpon|Ogerpon-Wellspring, F|40/100\n|-end|p1a: The Narrator|Protosynthesis|[silent]\n|switch|p1a: Princess|Alomomola, F|85/100\n|\n|upkeep\n|turn|43\n|\n|t:|1788281929\n|move|p2a: Ogerpon|U-turn|p1a: Princess\n|-damage|p1a: Princess|65/100\n|\n|t:|1788281929\n|switch|p2a: Iron Valiant|Iron Valiant|70/100|[from] U-turn\n|move|p1a: Princess|Body Slam|p2a: Iron Valiant\n|-damage|p2a: Iron Valiant|51/100\n|\n|upkeep\n|turn|44\n|\n|t:|1788281935\n|-end|p2a: Iron Valiant|Quark Drive|[silent]\n|switch|p2a: Ogerpon|Ogerpon-Wellspring, F|40/100\n|move|p1a: Princess|Flip Turn|p2a: Ogerpon\n|-heal|p2a: Ogerpon|65/100|[from] ability: Water Absorb|[of] p1a: Princess\n|\n|upkeep\n|turn|45\n|\n|t:|1788281936\n|move|p2a: Ogerpon|U-turn|p1a: Princess\n|-damage|p1a: Princess|43/100\n|\n|t:|1788281936\n|switch|p2a: Iron Valiant|Iron Valiant|51/100|[from] U-turn\n|move|p1a: Princess|Body Slam|p2a: Iron Valiant\n|-damage|p2a: Iron Valiant|32/100\n|\n|upkeep\n|turn|46\n|\n|t:|1788281939\n|-end|p2a: Iron Valiant|Quark Drive|[silent]\n|switch|p2a: Ogerpon|Ogerpon-Wellspring, F|65/100\n|switch|p1a: The Narrator|Raging Bolt, tera:Electric|17/100\n|\n|upkeep\n|turn|47\n|\n|t:|1788281942\n|move|p1a: The Narrator|Thunderclap|p2a: Ogerpon\n|-damage|p2a: Ogerpon|0 fnt\n|faint|p2a: Ogerpon\n|\n|upkeep\n|\n|t:|1788281943\n|switch|p2a: Iron Valiant|Iron Valiant|32/100\n|turn|48\n|\n|t:|1788281946\n|-end|p1a: The Narrator|Protosynthesis|[silent]\n|switch|p1a: Princess|Alomomola, F|76/100\n|move|p2a: Iron Valiant|Encore||[still]\n|-fail|p2a: Iron Valiant\n|\n|upkeep\n|turn|49\n|\n|t:|1788281950\n|switch|p1a: The Narrator|Raging Bolt, tera:Electric|17/100\n|move|p2a: Iron Valiant|Thunderbolt|p1a: The Narrator\n|-resisted|p1a: The Narrator\n|-damage|p1a: The Narrator|6/100\n|\n|upkeep\n|turn|50\n|\n|t:|1788281956\n|move|p1a: The Narrator|Thunderclap||[still]\n|-fail|p1a: The Narrator\n|move|p2a: Iron Valiant|Encore|p1a: The Narrator\n|-start|p1a: The Narrator|Encore\n|\n|upkeep\n|turn|51\n|\n|t:|1788281960\n|-end|p1a: The Narrator|Protosynthesis|[silent]\n|switch|p1a: Princess|Alomomola, F|100/100\n|move|p2a: Iron Valiant|Encore||[still]\n|-fail|p2a: Iron Valiant\n|\n|upkeep\n|turn|52\n|\n|t:|1788281962\n|move|p2a: Iron Valiant|Thunderbolt|p1a: Princess\n|-supereffective|p1a: Princess\n|-damage|p1a: Princess|72/100\n|move|p1a: Princess|Flip Turn|p2a: Iron Valiant\n|-damage|p2a: Iron Valiant|10/100\n|\n|t:|1788281965\n|switch|p1a: The Narrator|Raging Bolt, tera:Electric|6/100|[from] Flip Turn\n|\n|upkeep\n|turn|53\n|\n|t:|1788281966\n|move|p1a: The Narrator|Thunderclap|p2a: Iron Valiant\n|-damage|p2a: Iron Valiant|0 fnt\n|faint|p2a: Iron Valiant\n|-end|p2a: Iron Valiant|Quark Drive|[silent]\n|\n|win|Geli08\n|raw|Geli08's rating: 1537 &rarr; <strong>1559</strong><br />(+22 for winning)\n|raw|kangarooteam1's rating: 1579 &rarr; <strong>1557</strong><br />(-22 for losing)\n", "uploadtime": 1788281967, "views": "0", "formatid": "gen9ou", "rating": 1557, "private": 0, "password": null}