{"id": "gen9ou-2673868271", "format": "[Gen 9] OU", "players": ["ThunderclapnFlash", "kangarooteam1"], "log": "|j|\u2606ThunderclapnFlash\n|j|\u2606kangarooteam1\n|t:|1788270824\n|gametype|singles\n|player|p1|ThunderclapnFlash|2|1569\n|player|p2|kangarooteam1|1|1684\n|gen|9\n|tier|[Gen 9] OU\n|rated|\n|rule|HP Percentage Mod: HP is shown in percentages\n|rule|Endless Battle Clause: Forcing endless battles is banned\n|rule|Species Clause: Limit one of each Pok\u00e9mon\n|rule|OHKO Clause: OHKO moves are banned\n|rule|Evasion Items Clause: Evasion items are banned\n|rule|Evasion Moves Clause: Evasion moves are banned\n|rule|Evasion Abilities Clause: Evasion abilities are banned\n|rule|Sleep Moves Clause: Sleep-inducing moves are banned\n|clearpoke\n|poke|p1|Tornadus-Therian, M|\n|poke|p1|Maushold|\n|poke|p1|Kyurem|\n|poke|p1|Pecharunt|\n|poke|p1|Great Tusk|\n|poke|p1|Iron Boulder|\n|poke|p2|Great Tusk|\n|poke|p2|Gholdengo|\n|poke|p2|Raging Bolt|\n|poke|p2|Iron Valiant|\n|poke|p2|Ogerpon-Wellspring, F|\n|poke|p2|Kingambit, M|\n|teampreview\n|inactive|Battle timer is ON: inactive players will automatically lose when time's up. (requested by kangarooteam1)\n|inactive|ThunderclapnFlash also wants the timer to be on.\n|\n|t:|1788270836\n|teamsize|p1|6\n|teamsize|p2|6\n|start\n|switch|p1a: Tornadus|Tornadus-Therian, M, shiny|100/100\n|switch|p2a: Gholdengo|Gholdengo|100/100\n|-item|p2a: Gholdengo|Air Balloon\n|turn|1\n|\n|t:|1788270841\n|switch|p2a: Raging Bolt|Raging Bolt|100/100\n|move|p1a: Tornadus|Heat Wave|p2a: Raging Bolt\n|-resisted|p2a: Raging Bolt\n|-damage|p2a: Raging Bolt|91/100\n|\n|-heal|p2a: Raging Bolt|97/100|[from] item: Leftovers\n|upkeep\n|turn|2\n|\n|t:|1788270846\n|move|p1a: Tornadus|Knock Off|p2a: Raging Bolt\n|-damage|p2a: Raging Bolt|79/100\n|-enditem|p2a: Raging Bolt|Leftovers|[from] move: Knock Off|[of] p1a: Tornadus\n|move|p2a: Raging Bolt|Calm Mind|p2a: Raging Bolt\n|-boost|p2a: Raging Bolt|spa|1\n|-boost|p2a: Raging Bolt|spd|1\n|\n|upkeep\n|turn|3\n|\n|t:|1788270852\n|move|p1a: Tornadus|U-turn|p2a: Raging Bolt\n|-damage|p2a: Raging Bolt|65/100\n|\n|t:|1788270859\n|switch|p1a: Great Tusk|Great Tusk|100/100|[from] U-turn\n|move|p2a: Raging Bolt|Dragon Pulse|p1a: Great Tusk\n|-damage|p1a: Great Tusk|9/100\n|\n|upkeep\n|turn|4\n|\n|t:|1788270872\n|-end|p2a: Raging Bolt|Protosynthesis|[silent]\n|switch|p2a: Great Tusk|Great Tusk|100/100\n|move|p1a: Great Tusk|Ice Spinner|p2a: Great Tusk\n|-supereffective|p2a: Great Tusk\n|-damage|p2a: Great Tusk|58/100\n|-damage|p1a: Great Tusk|0 fnt|[from] item: Life Orb\n|faint|p1a: Great Tusk\n|-end|p1a: Great Tusk|Protosynthesis|[silent]\n|\n|-heal|p2a: Great Tusk|64/100|[from] item: Leftovers\n|upkeep\n|\n|t:|1788270883\n|switch|p1a: Kyurem|Kyurem, shiny|100/100\n|-ability|p1a: Kyurem|Pressure\n|turn|5\n|\n|t:|1788270885\n|-end|p2a: Great Tusk|Protosynthesis|[silent]\n|switch|p2a: Gholdengo|Gholdengo|100/100\n|-item|p2a: Gholdengo|Air Balloon\n|move|p1a: Kyurem|Freeze-Dry|p2a: Gholdengo\n|-resisted|p2a: Gholdengo\n|-damage|p2a: Gholdengo|63/100\n|-enditem|p2a: Gholdengo|Air Balloon\n|\n|upkeep\n|turn|6\n|\n|t:|1788270890\n|switch|p1a: Tornadus|Tornadus-Therian, M, shiny|100/100\n|move|p2a: Gholdengo|Make It Rain|p1a: Tornadus\n|-damage|p1a: Tornadus|55/100\n|-unboost|p2a: Gholdengo|spa|1\n|\n|upkeep\n|turn|7\n|\n|t:|1788270894\n|switch|p2a: Kingambit|Kingambit, M|100/100\n|move|p1a: Tornadus|Knock Off|p2a: Kingambit\n|-resisted|p2a: Kingambit\n|-damage|p2a: Kingambit|92/100\n|-enditem|p2a: Kingambit|Leftovers|[from] move: Knock Off|[of] p1a: Tornadus\n|\n|upkeep\n|turn|8\n|\n|t:|1788270920\n|switch|p1a: Pecharunt|Pecharunt|100/100\n|move|p2a: Kingambit|Iron Head|p1a: Pecharunt\n|-damage|p1a: Pecharunt|80/100\n|-damage|p2a: Kingambit|76/100|[from] item: Rocky Helmet|[of] p1a: Pecharunt\n|\n|upkeep\n|turn|9\n|\n|t:|1788270926\n|move|p1a: Pecharunt|Night Shade|p2a: Kingambit\n|-damage|p2a: Kingambit|51/100\n|move|p2a: Kingambit|Swords Dance|p2a: Kingambit\n|-boost|p2a: Kingambit|atk|2\n|\n|upkeep\n|turn|10\n|\n|t:|1788270934\n|-terastallize|p1a: Pecharunt|Dark\n|move|p1a: Pecharunt|Night Shade|p2a: Kingambit\n|-damage|p2a: Kingambit|26/100\n|move|p2a: Kingambit|Kowtow Cleave|p1a: Pecharunt\n|-resisted|p1a: Pecharunt\n|-damage|p1a: Pecharunt|56/100\n|-damage|p2a: Kingambit|9/100|[from] item: Rocky Helmet|[of] p1a: Pecharunt\n|\n|upkeep\n|turn|11\n|\n|t:|1788270942\n|-end|p2a: Kingambit|fallenundefined|[silent]\n|switch|p2a: Gholdengo|Gholdengo|63/100\n|move|p1a: Pecharunt|Recover|p1a: Pecharunt\n|-heal|p1a: Pecharunt|100/100\n|\n|upkeep\n|turn|12\n|\n|t:|1788270946\n|move|p2a: Gholdengo|Nasty Plot|p2a: Gholdengo\n|-boost|p2a: Gholdengo|spa|2\n|move|p1a: Pecharunt|Parting Shot|p2a: Gholdengo\n|-immune|p2a: Gholdengo|[from] ability: Good as Gold\n|\n|upkeep\n|turn|13\n|\n|t:|1788270950\n|switch|p1a: Tornadus|Tornadus-Therian, M, shiny|88/100\n|move|p2a: Gholdengo|Make It Rain|p1a: Tornadus\n|-damage|p1a: Tornadus|5/100\n|-unboost|p2a: Gholdengo|spa|1\n|\n|upkeep\n|turn|14\n|\n|t:|1788270953\n|move|p1a: Tornadus|Heat Wave|p2a: Gholdengo|[miss]\n|-miss|p1a: Tornadus|p2a: Gholdengo\n|move|p2a: Gholdengo|Shadow Ball|p1a: Tornadus\n|-damage|p1a: Tornadus|0 fnt\n|faint|p1a: Tornadus\n|\n|upkeep\n|\n|t:|1788270962\n|switch|p1a: Maushold|Maushold, shiny|100/100\n|turn|15\n|\n|t:|1788270967\n|move|p1a: Maushold|Encore|p2a: Gholdengo\n|-immune|p2a: Gholdengo|[from] ability: Good as Gold\n|move|p2a: Gholdengo|Make It Rain|p1a: Maushold\n|-damage|p1a: Maushold|0 fnt\n|-unboost|p2a: Gholdengo|spa|1\n|faint|p1a: Maushold\n|\n|upkeep\n|\n|t:|1788270983\n|switch|p1a: Kyurem|Kyurem, shiny|100/100\n|-ability|p1a: Kyurem|Pressure\n|turn|16\n|\n|t:|1788270984\n|move|p2a: Gholdengo|Make It Rain|p1a: Kyurem\n|-supereffective|p1a: Kyurem\n|-damage|p1a: Kyurem|0 fnt\n|-unboost|p2a: Gholdengo|spa|1\n|faint|p1a: Kyurem\n|\n|upkeep\n|\n|t:|1788270989\n|switch|p1a: Iron Boulder|Iron Boulder|100/100\n|-enditem|p1a: Iron Boulder|Booster Energy\n|-activate|p1a: Iron Boulder|ability: Quark Drive|[fromitem]\n|-start|p1a: Iron Boulder|quarkdrivespe\n|turn|17\n|\n|t:|1788270994\n|move|p1a: Iron Boulder|Earthquake|p2a: Gholdengo\n|-supereffective|p2a: Gholdengo\n|-damage|p2a: Gholdengo|0 fnt\n|faint|p2a: Gholdengo\n|\n|upkeep\n|\n|t:|1788270995\n|switch|p2a: Ogerpon|Ogerpon-Wellspring, F|100/100\n|turn|18\n|\n|t:|1788270999\n|move|p1a: Iron Boulder|Swords Dance|p1a: Iron Boulder\n|-boost|p1a: Iron Boulder|atk|2\n|move|p2a: Ogerpon|U-turn|p1a: Iron Boulder\n|-supereffective|p1a: Iron Boulder\n|-damage|p1a: Iron Boulder|40/100\n|\n|t:|1788271001\n|switch|p2a: Iron Valiant|Iron Valiant|100/100|[from] U-turn\n|-enditem|p2a: Iron Valiant|Booster Energy\n|-activate|p2a: Iron Valiant|ability: Quark Drive|[fromitem]\n|-start|p2a: Iron Valiant|quarkdrivespe\n|\n|upkeep\n|turn|19\n|\n|t:|1788271006\n|move|p2a: Iron Valiant|Moonblast|p1a: Iron Boulder\n|-damage|p1a: Iron Boulder|0 fnt\n|faint|p1a: Iron Boulder\n|-end|p1a: Iron Boulder|Quark Drive|[silent]\n|\n|upkeep\n|\n|t:|1788271008\n|switch|p1a: Pecharunt|Pecharunt, tera:Dark|100/100\n|turn|20\n|\n|t:|1788271011\n|-terastallize|p2a: Iron Valiant|Fairy\n|move|p2a: Iron Valiant|Moonblast|p1a: Pecharunt\n|-supereffective|p1a: Pecharunt\n|-damage|p1a: Pecharunt|0 fnt\n|faint|p1a: Pecharunt\n|\n|win|kangarooteam1\n|raw|ThunderclapnFlash's rating: 1569 &rarr; <strong>1555</strong><br />(-14 for losing)\n|raw|kangarooteam1's rating: 1684 &rarr; <strong>1698</strong><br />(+14 for winning)\n", "uploadtime": 1788271011, "views": "2", "formatid": "gen9ou", "rating": 1555, "private": 0, "password": null}