{"id": "gen9ou-2674070802", "format": "[Gen 9] OU", "players": ["II1III", "colorway182"], "log": "|j|\u2606II1III\n|j|\u2606colorway182\n|t:|1788295163\n|gametype|singles\n|player|p1|II1III|clair|1456\n|player|p2|colorway182|gentleman-gen4dp|1373\n|gen|9\n|tier|[Gen 9] OU\n|rated|\n|rule|HP Percentage Mod: HP is shown in percentages\n|rule|Endless Battle Clause: Forcing endless battles is banned\n|rule|Species Clause: Limit one of each Pok\u00e9mon\n|rule|OHKO Clause: OHKO moves are banned\n|rule|Evasion Items Clause: Evasion items are banned\n|rule|Evasion Moves Clause: Evasion moves are banned\n|rule|Evasion Abilities Clause: Evasion abilities are banned\n|rule|Sleep Moves Clause: Sleep-inducing moves are banned\n|clearpoke\n|poke|p1|Samurott-Hisui, M|\n|poke|p1|Heatran, F|\n|poke|p1|Hatterene, F|\n|poke|p1|Dragapult, F|\n|poke|p1|Gengar, M|\n|poke|p1|Kingambit, F|\n|poke|p2|Serperior, F|\n|poke|p2|Empoleon, M|\n|poke|p2|Cinderace, M|\n|poke|p2|Araquanid, M|\n|poke|p2|Enamorus, F|\n|poke|p2|Kingambit, M|\n|teampreview\n|inactive|Battle timer is ON: inactive players will automatically lose when time's up. (requested by colorway182)\n|\n|t:|1788295169\n|teamsize|p1|6\n|teamsize|p2|6\n|start\n|switch|p1a: Samurott|Samurott-Hisui, M|100/100\n|switch|p2a: Araquanid|Araquanid, M|100/100\n|turn|1\n|\n|t:|1788295173\n|move|p1a: Samurott|Ceaseless Edge|p2a: Araquanid\n|-damage|p2a: Araquanid|51/100\n|-sidestart|p2: colorway182|Spikes\n|move|p2a: Araquanid|Sticky Web|p1a: Samurott\n|-sidestart|p1: II1III|move: Sticky Web\n|\n|upkeep\n|turn|2\n|\n|t:|1788295179\n|move|p2a: Araquanid|Endure|p2a: Araquanid\n|-singleturn|p2a: Araquanid|move: Endure\n|move|p1a: Samurott|Ceaseless Edge|p2a: Araquanid|[miss]\n|-miss|p1a: Samurott|p2a: Araquanid\n|\n|upkeep\n|turn|3\n|\n|t:|1788295185\n|move|p1a: Samurott|Ceaseless Edge|p2a: Araquanid\n|-damage|p2a: Araquanid|6/100\n|-sidestart|p2: colorway182|Spikes\n|move|p2a: Araquanid|Endeavor|p1a: Samurott\n|-damage|p1a: Samurott|7/100\n|\n|upkeep\n|turn|4\n|-enditem|p2a: Araquanid|Custap Berry|[eat]\n|-activate|p2a: Araquanid|item: Custap Berry|[consumed]\n|\n|t:|1788295190\n|move|p1a: Samurott|Sucker Punch|p2a: Araquanid\n|-damage|p2a: Araquanid|0 fnt\n|faint|p2a: Araquanid\n|\n|upkeep\n|\n|t:|1788295199\n|switch|p2a: Cinderace|Cinderace, M|100/100\n|-damage|p2a: Cinderace|84/100|[from] Spikes\n|turn|5\n|\n|t:|1788295208\n|move|p2a: Cinderace|Court Change|p2a: Cinderace\n|-start|p2a: Cinderace|typechange|Normal|[from] ability: Libero\n|-swapsideconditions\n|-activate|p2a: Cinderace|move: Court Change\n|move|p1a: Samurott|Razor Shell|p2a: Cinderace\n|-damage|p2a: Cinderace|15/100\n|\n|upkeep\n|turn|6\n|\n|t:|1788295215\n|move|p1a: Samurott|Sucker Punch|p2a: Cinderace\n|-damage|p2a: Cinderace|0 fnt\n|faint|p2a: Cinderace\n|\n|upkeep\n|\n|t:|1788295222\n|switch|p2a: Serperior|Serperior, F, shiny|100/100\n|-activate|p2a: Serperior|move: Sticky Web\n|-boost|p2a: Serperior|spe|1\n|turn|7\n|\n|t:|1788295227\n|move|p2a: Serperior|Leaf Storm|p1a: Samurott\n|-supereffective|p1a: Samurott\n|-damage|p1a: Samurott|0 fnt\n|-boost|p2a: Serperior|spa|2\n|faint|p1a: Samurott\n|\n|upkeep\n|\n|t:|1788295234\n|switch|p1a: Heatran|Heatran, F|100/100\n|-damage|p1a: Heatran|84/100|[from] Spikes\n|turn|8\n|\n|t:|1788295242\n|switch|p2a: Empoleon|Empoleon, M|100/100\n|-activate|p2a: Empoleon|move: Sticky Web\n|-unboost|p2a: Empoleon|spe|1\n|-ability|p2a: Empoleon|Competitive|boost\n|-boost|p2a: Empoleon|spa|2\n|move|p1a: Heatran|Magma Storm|p2a: Empoleon\n|-damage|p2a: Empoleon|60/100\n|-activate|p2a: Empoleon|move: Magma Storm|[of] p1a: Heatran\n|\n|-heal|p1a: Heatran|90/100|[from] item: Leftovers\n|-heal|p2a: Empoleon|66/100|[from] item: Leftovers\n|-damage|p2a: Empoleon|54/100|[from] move: Magma Storm|[partiallytrapped]\n|upkeep\n|turn|9\n|inactive|II1III has 120 seconds left.\n|\n|t:|1788295273\n|switch|p1a: Dragapult|Dragapult, F|100/100\n|-damage|p1a: Dragapult|84/100|[from] Spikes\n|move|p2a: Empoleon|Surf|p1a: Dragapult\n|-resisted|p1a: Dragapult\n|-damage|p1a: Dragapult|17/100\n|\n|-heal|p2a: Empoleon|60/100|[from] item: Leftovers\n|-end|p2a: Empoleon|Magma Storm|[partiallytrapped]|[silent]\n|upkeep\n|turn|10\n|\n|t:|1788295288\n|move|p1a: Dragapult|Shadow Ball|p2a: Empoleon\n|-damage|p2a: Empoleon|34/100\n|move|p2a: Empoleon|Roost|p2a: Empoleon\n|-heal|p2a: Empoleon|84/100\n|-singleturn|p2a: Empoleon|move: Roost\n|\n|-heal|p2a: Empoleon|90/100|[from] item: Leftovers\n|upkeep\n|turn|11\n|\n|t:|1788295293\n|move|p1a: Dragapult|Shadow Ball|p2a: Empoleon\n|-damage|p2a: Empoleon|65/100\n|move|p2a: Empoleon|Surf|p1a: Dragapult\n|-resisted|p1a: Dragapult\n|-damage|p1a: Dragapult|0 fnt\n|faint|p1a: Dragapult\n|\n|-heal|p2a: Empoleon|71/100|[from] item: Leftovers\n|upkeep\n|inactive|II1III has 120 seconds left.\n|\n|t:|1788295313\n|switch|p1a: Gengar|Gengar, M|100/100\n|-damage|p1a: Gengar|84/100|[from] Spikes\n|turn|12\n|\n|t:|1788295320\n|move|p1a: Gengar|Thunderbolt|p2a: Empoleon\n|-supereffective|p2a: Empoleon\n|-damage|p2a: Empoleon|0 fnt\n|faint|p2a: Empoleon\n|\n|upkeep\n|\n|t:|1788295334\n|switch|p2a: Kingambit|Kingambit, M|100/100\n|-activate|p2a: Kingambit|move: Sticky Web\n|-unboost|p2a: Kingambit|spe|1\n|-ability|p2a: Kingambit|Defiant|boost\n|-boost|p2a: Kingambit|atk|2\n|turn|13\n|\n|t:|1788295346\n|move|p1a: Gengar|Thunderbolt|p2a: Kingambit\n|-damage|p2a: Kingambit|57/100\n|move|p2a: Kingambit|Kowtow Cleave|p1a: Gengar\n|-supereffective|p1a: Gengar\n|-damage|p1a: Gengar|0 fnt\n|-start|p2a: Kingambit|Disable|Kowtow Cleave|[from] ability: Cursed Body|[of] p1a: Gengar\n|faint|p1a: Gengar\n|\n|-heal|p2a: Kingambit|64/100|[from] item: Leftovers\n|upkeep\n|\n|t:|1788295354\n|switch|p1a: Heatran|Heatran, F|90/100\n|-damage|p1a: Heatran|74/100|[from] Spikes\n|turn|14\n|\n|t:|1788295372\n|switch|p2a: Enamorus|Enamorus, F|100/100\n|move|p1a: Heatran|Magma Storm|p2a: Enamorus\n|-damage|p2a: Enamorus|40/100\n|-activate|p2a: Enamorus|move: Magma Storm|[of] p1a: Heatran\n|\n|-heal|p1a: Heatran|80/100|[from] item: Leftovers\n|-damage|p2a: Enamorus|27/100|[from] move: Magma Storm|[partiallytrapped]\n|upkeep\n|turn|15\n|\n|t:|1788295383\n|-terastallize|p2a: Enamorus|Fairy\n|move|p2a: Enamorus|Earth Power|p1a: Heatran\n|-supereffective|p1a: Heatran\n|-damage|p1a: Heatran|0 fnt\n|faint|p1a: Heatran\n|\n|-end|p2a: Enamorus|Magma Storm|[partiallytrapped]|[silent]\n|upkeep\n|\n|t:|1788295400\n|switch|p1a: Hatterene|Hatterene, F|100/100\n|-damage|p1a: Hatterene|84/100|[from] Spikes\n|turn|16\n|\n|t:|1788295410\n|switch|p2a: Serperior|Serperior, F, shiny|100/100\n|-activate|p2a: Serperior|move: Sticky Web\n|-boost|p2a: Serperior|spe|1\n|move|p1a: Hatterene|Draining Kiss|p2a: Serperior\n|-damage|p2a: Serperior|65/100\n|-heal|p1a: Hatterene|100/100|[from] drain|[of] p2a: Serperior\n|\n|-heal|p2a: Serperior|71/100|[from] item: Leftovers\n|upkeep\n|turn|17\n|\n|t:|1788295418\n|move|p2a: Serperior|Leaf Storm|p1a: Hatterene\n|-damage|p1a: Hatterene|69/100\n|-boost|p2a: Serperior|spa|2\n|move|p1a: Hatterene|Nuzzle|p2a: Serperior\n|-resisted|p2a: Serperior\n|-damage|p2a: Serperior|69/100\n|-status|p2a: Serperior|par\n|\n|-heal|p2a: Serperior|75/100 par|[from] item: Leftovers\n|upkeep\n|turn|18\n|\n|t:|1788295421\n|cant|p2a: Serperior|par\n|move|p1a: Hatterene|Psychic|p2a: Serperior\n|-damage|p2a: Serperior|6/100 par\n|-boost|p2a: Serperior|spd|1\n|\n|-heal|p2a: Serperior|12/100 par|[from] item: Leftovers\n|upkeep\n|turn|19\n|\n|t:|1788295423\n|move|p2a: Serperior|Leaf Storm|p1a: Hatterene|[miss]\n|-miss|p2a: Serperior|p1a: Hatterene\n|move|p1a: Hatterene|Psychic|p2a: Serperior\n|-damage|p2a: Serperior|0 fnt\n|faint|p2a: Serperior\n|\n|upkeep\n|\n|t:|1788295434\n|switch|p2a: Enamorus|Enamorus, F, tera:Fairy|27/100\n|-activate|p2a: Enamorus|move: Sticky Web\n|-boost|p2a: Enamorus|spe|1\n|turn|20\n|\n|t:|1788295438\n|move|p2a: Enamorus|Moonblast|p1a: Hatterene\n|-damage|p1a: Hatterene|0 fnt\n|faint|p1a: Hatterene\n|\n|upkeep\n|\n|t:|1788295441\n|switch|p1a: Kingambit|Kingambit, F|100/100\n|-damage|p1a: Kingambit|84/100|[from] Spikes\n|-activate|p1a: Kingambit|ability: Supreme Overlord\n|-start|p1a: Kingambit|fallen5|[silent]\n|turn|21\n|\n|t:|1788295445\n|switch|p2a: Kingambit|Kingambit, M|64/100\n|-activate|p2a: Kingambit|move: Sticky Web\n|-unboost|p2a: Kingambit|spe|1\n|-ability|p2a: Kingambit|Defiant|boost\n|-boost|p2a: Kingambit|atk|2\n|move|p1a: Kingambit|Sucker Punch||[still]\n|-fail|p1a: Kingambit\n|\n|-heal|p1a: Kingambit|90/100|[from] item: Leftovers\n|-heal|p2a: Kingambit|70/100|[from] item: Leftovers\n|upkeep\n|turn|22\n|\n|t:|1788295463\n|move|p1a: Kingambit|Iron Head|p2a: Kingambit\n|-resisted|p2a: Kingambit\n|-damage|p2a: Kingambit|46/100\n|cant|p2a: Kingambit|flinch\n|\n|-heal|p1a: Kingambit|96/100|[from] item: Leftovers\n|-heal|p2a: Kingambit|52/100|[from] item: Leftovers\n|upkeep\n|turn|23\n|\n|t:|1788295472\n|move|p1a: Kingambit|Iron Head|p2a: Kingambit\n|-resisted|p2a: Kingambit\n|-damage|p2a: Kingambit|28/100\n|move|p2a: Kingambit|Swords Dance|p2a: Kingambit\n|-boost|p2a: Kingambit|atk|2\n|\n|-heal|p1a: Kingambit|100/100|[from] item: Leftovers\n|-heal|p2a: Kingambit|35/100|[from] item: Leftovers\n|upkeep\n|turn|24\n|\n|t:|1788295476\n|move|p1a: Kingambit|Iron Head|p2a: Kingambit\n|-resisted|p2a: Kingambit\n|-damage|p2a: Kingambit|10/100\n|cant|p2a: Kingambit|flinch\n|\n|-heal|p2a: Kingambit|16/100|[from] item: Leftovers\n|upkeep\n|turn|25\n|\n|t:|1788295482\n|move|p1a: Kingambit|Sucker Punch||[still]\n|-fail|p1a: Kingambit\n|move|p2a: Kingambit|Swords Dance|p2a: Kingambit\n|-boost|p2a: Kingambit|atk|2\n|\n|-heal|p2a: Kingambit|22/100|[from] item: Leftovers\n|upkeep\n|turn|26\n|\n|t:|1788295490\n|move|p1a: Kingambit|Iron Head|p2a: Kingambit\n|-resisted|p2a: Kingambit\n|-damage|p2a: Kingambit|0 fnt\n|faint|p2a: Kingambit\n|\n|upkeep\n|\n|t:|1788295493\n|switch|p2a: Enamorus|Enamorus, F, tera:Fairy|27/100\n|-activate|p2a: Enamorus|move: Sticky Web\n|-boost|p2a: Enamorus|spe|1\n|turn|27\n|\n|t:|1788295501\n|-terastallize|p1a: Kingambit|Flying\n|move|p2a: Enamorus|Moonblast|p1a: Kingambit\n|-damage|p1a: Kingambit|0 fnt\n|faint|p1a: Kingambit\n|-end|p1a: Kingambit|fallen5|[silent]\n|\n|win|colorway182\n|raw|II1III's rating: 1456 &rarr; <strong>1431</strong><br />(-25 for losing)\n|raw|colorway182's rating: 1373 &rarr; <strong>1398</strong><br />(+25 for winning)\n|l|\u2606II1III\n|player|p1|\n|c|\u2606colorway182|LOL\n", "uploadtime": 1788295509, "views": "3", "formatid": "gen9ou", "rating": 1398, "private": 0, "password": null}