{"id": "gen9ou-2673890683", "format": "[Gen 9] OU", "players": ["real regals", "kangarooteam1"], "log": "|j|\u2606real regals\n|j|\u2606kangarooteam1\n|t:|1788273640\n|gametype|singles\n|player|p1|real regals|boarder-gen2|1665\n|player|p2|kangarooteam1|1|1726\n|gen|9\n|tier|[Gen 9] OU\n|rated|\n|rule|HP Percentage Mod: HP is shown in percentages\n|rule|Endless Battle Clause: Forcing endless battles is banned\n|rule|Species Clause: Limit one of each Pok\u00e9mon\n|rule|OHKO Clause: OHKO moves are banned\n|rule|Evasion Items Clause: Evasion items are banned\n|rule|Evasion Moves Clause: Evasion moves are banned\n|rule|Evasion Abilities Clause: Evasion abilities are banned\n|rule|Sleep Moves Clause: Sleep-inducing moves are banned\n|clearpoke\n|poke|p1|Excadrill, M|\n|poke|p1|Garganacl, F|\n|poke|p1|Moltres|\n|poke|p1|Pecharunt|\n|poke|p1|Tyranitar, M|\n|poke|p1|Zamazenta-*|\n|poke|p2|Great Tusk|\n|poke|p2|Gholdengo|\n|poke|p2|Raging Bolt|\n|poke|p2|Iron Valiant|\n|poke|p2|Ogerpon-Wellspring, F|\n|poke|p2|Kingambit, F|\n|teampreview\n|inactive|Battle timer is ON: inactive players will automatically lose when time's up. (requested by kangarooteam1)\n|inactive|real regals has 120 seconds left.\n|\n|t:|1788273680\n|teamsize|p1|6\n|teamsize|p2|6\n|start\n|switch|p1a: Pecharunt|Pecharunt|100/100\n|switch|p2a: Great Tusk|Great Tusk|100/100\n|turn|1\n|\n|t:|1788273684\n|-terastallize|p1a: Pecharunt|Grass\n|move|p2a: Great Tusk|Stealth Rock|p1a: Pecharunt\n|-sidestart|p1: real regals|move: Stealth Rock\n|move|p1a: Pecharunt|Shadow Ball|p2a: Great Tusk\n|-damage|p2a: Great Tusk|66/100\n|\n|-heal|p2a: Great Tusk|73/100|[from] item: Leftovers\n|upkeep\n|turn|2\n|\n|t:|1788273690\n|-end|p2a: Great Tusk|Protosynthesis|[silent]\n|switch|p2a: Kingambit|Kingambit, F|100/100\n|move|p1a: Pecharunt|Shadow Ball|p2a: Kingambit\n|-resisted|p2a: Kingambit\n|-damage|p2a: Kingambit|89/100\n|\n|-heal|p2a: Kingambit|95/100|[from] item: Leftovers\n|upkeep\n|turn|3\n|\n|t:|1788273692\n|move|p1a: Pecharunt|Parting Shot|p2a: Kingambit\n|-unboost|p2a: Kingambit|atk|1\n|-unboost|p2a: Kingambit|spa|1\n|\n|t:|1788273694\n|switch|p1a: Moltres|Moltres|100/100|[from] Parting Shot\n|move|p2a: Kingambit|Swords Dance|p2a: Kingambit\n|-boost|p2a: Kingambit|atk|2\n|\n|-heal|p2a: Kingambit|100/100|[from] item: Leftovers\n|upkeep\n|turn|4\n|\n|t:|1788273697\n|-end|p2a: Kingambit|fallenundefined|[silent]\n|switch|p2a: Raging Bolt|Raging Bolt|100/100\n|move|p1a: Moltres|Flamethrower|p2a: Raging Bolt\n|-resisted|p2a: Raging Bolt\n|-damage|p2a: Raging Bolt|84/100\n|\n|-heal|p2a: Raging Bolt|90/100|[from] item: Leftovers\n|upkeep\n|turn|5\n|\n|t:|1788273700\n|switch|p1a: Tyranitar|Tyranitar, M|100/100\n|-damage|p1a: Tyranitar|88/100|[from] Stealth Rock\n|-weather|Sandstorm|[from] ability: Sand Stream|[of] p1a: Tyranitar\n|move|p2a: Raging Bolt|Dragon Pulse|p1a: Tyranitar\n|-damage|p1a: Tyranitar|53/100\n|\n|-weather|Sandstorm|[upkeep]\n|-damage|p2a: Raging Bolt|84/100|[from] Sandstorm\n|-heal|p2a: Raging Bolt|90/100|[from] item: Leftovers\n|upkeep\n|turn|6\n|\n|t:|1788273706\n|-end|p2a: Raging Bolt|Protosynthesis|[silent]\n|switch|p2a: Great Tusk|Great Tusk|73/100\n|move|p1a: Tyranitar|Knock Off|p2a: Great Tusk\n|-resisted|p2a: Great Tusk\n|-damage|p2a: Great Tusk|50/100\n|-enditem|p2a: Great Tusk|Leftovers|[from] move: Knock Off|[of] p1a: Tyranitar\n|\n|-weather|Sandstorm|[upkeep]\n|upkeep\n|turn|7\n|\n|t:|1788273714\n|switch|p1a: Moltres|Moltres|100/100\n|move|p2a: Great Tusk|Knock Off|p1a: Moltres\n|-damage|p1a: Moltres|75/100\n|-enditem|p1a: Moltres|Heavy-Duty Boots|[from] move: Knock Off|[of] p2a: Great Tusk\n|\n|-weather|Sandstorm|[upkeep]\n|-damage|p1a: Moltres|69/100|[from] Sandstorm\n|upkeep\n|turn|8\n|\n|t:|1788273719\n|-end|p2a: Great Tusk|Protosynthesis|[silent]\n|switch|p2a: Raging Bolt|Raging Bolt|90/100\n|move|p1a: Moltres|U-turn|p2a: Raging Bolt\n|-damage|p2a: Raging Bolt|78/100\n|\n|t:|1788273722\n|switch|p1a: Excadrill|Excadrill, M|100/100|[from] U-turn\n|-damage|p1a: Excadrill|97/100|[from] Stealth Rock\n|-item|p1a: Excadrill|Air Balloon\n|\n|-weather|Sandstorm|[upkeep]\n|-damage|p2a: Raging Bolt|72/100|[from] Sandstorm\n|-heal|p2a: Raging Bolt|78/100|[from] item: Leftovers\n|upkeep\n|turn|9\n|\n|t:|1788273726\n|-end|p2a: Raging Bolt|Protosynthesis|[silent]\n|switch|p2a: Gholdengo|Gholdengo|100/100\n|-item|p2a: Gholdengo|Air Balloon\n|move|p1a: Excadrill|Earthquake|p2a: Gholdengo\n|-immune|p2a: Gholdengo\n|\n|-weather|none\n|upkeep\n|turn|10\n|\n|t:|1788273731\n|move|p2a: Gholdengo|Nasty Plot|p2a: Gholdengo\n|-boost|p2a: Gholdengo|spa|2\n|move|p1a: Excadrill|Iron Head|p2a: Gholdengo\n|-resisted|p2a: Gholdengo\n|-damage|p2a: Gholdengo|76/100\n|-enditem|p2a: Gholdengo|Air Balloon\n|\n|upkeep\n|turn|11\n|\n|t:|1788273741\n|switch|p1a: Tyranitar|Tyranitar, M|53/100\n|-damage|p1a: Tyranitar|40/100|[from] Stealth Rock\n|-weather|Sandstorm|[from] ability: Sand Stream|[of] p1a: Tyranitar\n|move|p2a: Gholdengo|Shadow Ball|p1a: Tyranitar\n|-resisted|p1a: Tyranitar\n|-damage|p1a: Tyranitar|12/100\n|\n|-weather|Sandstorm|[upkeep]\n|upkeep\n|turn|12\n|\n|t:|1788273747\n|switch|p1a: Moltres|Moltres|69/100\n|-damage|p1a: Moltres|19/100|[from] Stealth Rock\n|move|p2a: Gholdengo|Shadow Ball|p1a: Moltres\n|-damage|p1a: Moltres|0 fnt\n|faint|p1a: Moltres\n|\n|-weather|Sandstorm|[upkeep]\n|upkeep\n|\n|t:|1788273749\n|switch|p1a: Excadrill|Excadrill, M|97/100\n|-damage|p1a: Excadrill|94/100|[from] Stealth Rock\n|-item|p1a: Excadrill|Air Balloon\n|turn|13\n|\n|t:|1788273755\n|switch|p1a: Pecharunt|Pecharunt, tera:Grass|100/100\n|-terastallize|p2a: Gholdengo|Fairy\n|move|p2a: Gholdengo|Shadow Ball|p1a: Pecharunt\n|-damage|p1a: Pecharunt|19/100\n|\n|-weather|Sandstorm|[upkeep]\n|-damage|p2a: Gholdengo|70/100|[from] Sandstorm\n|-damage|p1a: Pecharunt|13/100|[from] Sandstorm\n|upkeep\n|turn|14\n|\n|t:|1788273758\n|move|p2a: Gholdengo|Shadow Ball|p1a: Pecharunt\n|-damage|p1a: Pecharunt|0 fnt\n|faint|p1a: Pecharunt\n|\n|-weather|Sandstorm|[upkeep]\n|-damage|p2a: Gholdengo|64/100|[from] Sandstorm\n|upkeep\n|\n|t:|1788273760\n|switch|p1a: Excadrill|Excadrill, M|94/100\n|-damage|p1a: Excadrill|91/100|[from] Stealth Rock\n|-item|p1a: Excadrill|Air Balloon\n|turn|15\n|\n|t:|1788273761\n|switch|p2a: Ogerpon|Ogerpon-Wellspring, F|100/100\n|move|p1a: Excadrill|Iron Head|p2a: Ogerpon\n|-resisted|p2a: Ogerpon\n|-damage|p2a: Ogerpon|70/100\n|\n|-weather|none\n|upkeep\n|turn|16\n|\n|t:|1788273768\n|move|p2a: Ogerpon|Power Whip|p1a: Excadrill\n|-damage|p1a: Excadrill|0 fnt\n|-enditem|p1a: Excadrill|Air Balloon\n|faint|p1a: Excadrill\n|\n|upkeep\n|\n|t:|1788273770\n|switch|p1a: Zamazenta|Zamazenta|100/100\n|-damage|p1a: Zamazenta|94/100|[from] Stealth Rock\n|-ability|p1a: Zamazenta|Dauntless Shield|boost\n|-boost|p1a: Zamazenta|def|1\n|turn|17\n|\n|t:|1788273774\n|switch|p2a: Iron Valiant|Iron Valiant|100/100\n|-enditem|p2a: Iron Valiant|Booster Energy\n|-activate|p2a: Iron Valiant|ability: Quark Drive|[fromitem]\n|-start|p2a: Iron Valiant|quarkdrivespe\n|move|p1a: Zamazenta|Substitute|p1a: Zamazenta\n|-start|p1a: Zamazenta|Substitute\n|-damage|p1a: Zamazenta|69/100\n|\n|-heal|p1a: Zamazenta|76/100|[from] item: Leftovers\n|upkeep\n|turn|18\n|\n|t:|1788273778\n|move|p2a: Iron Valiant|Moonblast|p1a: Zamazenta\n|-supereffective|p1a: Zamazenta\n|-end|p1a: Zamazenta|Substitute\n|move|p1a: Zamazenta|Body Press|p2a: Iron Valiant\n|-resisted|p2a: Iron Valiant\n|-crit|p2a: Iron Valiant\n|-damage|p2a: Iron Valiant|49/100\n|\n|-heal|p1a: Zamazenta|82/100|[from] item: Leftovers\n|upkeep\n|turn|19\n|-message|real regals forfeited.\n|\n|win|kangarooteam1\n|raw|real regals's rating: 1665 &rarr; <strong>1648</strong><br />(-17 for losing)\n|raw|kangarooteam1's rating: 1726 &rarr; <strong>1743</strong><br />(+17 for winning)\n|l|\u2606real regals\n|player|p1|\n|l|\u2606kangarooteam1\n|player|p2|\n", "uploadtime": 1788273785, "views": "0", "formatid": "gen9ou", "rating": 1648, "private": 0, "password": null}