{"id": "gen9ou-2673928783", "format": "[Gen 9] OU", "players": ["la5495", "trime"], "log": "|j|\u2606la5495\n|j|\u2606trime\n|t:|1788278265\n|gametype|singles\n|player|p1|la5495|ghetsis|1544\n|player|p2|trime|giovanni|1588\n|gen|9\n|tier|[Gen 9] OU\n|rated|\n|rule|HP Percentage Mod: HP is shown in percentages\n|rule|Endless Battle Clause: Forcing endless battles is banned\n|rule|Species Clause: Limit one of each Pok\u00e9mon\n|rule|OHKO Clause: OHKO moves are banned\n|rule|Evasion Items Clause: Evasion items are banned\n|rule|Evasion Moves Clause: Evasion moves are banned\n|rule|Evasion Abilities Clause: Evasion abilities are banned\n|rule|Sleep Moves Clause: Sleep-inducing moves are banned\n|clearpoke\n|poke|p1|Zamazenta-*|\n|poke|p1|Garchomp, F|\n|poke|p1|Tyranitar, F|\n|poke|p1|Excadrill, M|\n|poke|p1|Sinistcha-Masterpiece|\n|poke|p1|Moltres|\n|poke|p2|Dragonite, F|\n|poke|p2|Raging Bolt|\n|poke|p2|Gholdengo|\n|poke|p2|Tornadus-Therian, M|\n|poke|p2|Great Tusk|\n|poke|p2|Cinderace, M|\n|teampreview\n|inactive|Battle timer is ON: inactive players will automatically lose when time's up. (requested by la5495)\n|\n|t:|1788278278\n|teamsize|p1|6\n|teamsize|p2|6\n|start\n|switch|p1a: Garchomp|Garchomp, F, shiny|100/100\n|switch|p2a: Great Tusk|Great Tusk|100/100\n|turn|1\n|\n|t:|1788278284\n|move|p1a: Garchomp|Stealth Rock|p2a: Great Tusk\n|-sidestart|p2: trime|move: Stealth Rock\n|move|p2a: Great Tusk|Ice Spinner|p1a: Garchomp\n|-supereffective|p1a: Garchomp\n|-damage|p1a: Garchomp|16/100\n|-damage|p2a: Great Tusk|88/100|[from] ability: Rough Skin|[of] p1a: Garchomp\n|-damage|p2a: Great Tusk|71/100|[from] item: Rocky Helmet|[of] p1a: Garchomp\n|\n|upkeep\n|turn|2\n|\n|t:|1788278293\n|switch|p1a: Sinistcha|Sinistcha-Masterpiece|100/100\n|move|p2a: Great Tusk|Rapid Spin|p1a: Sinistcha\n|-immune|p1a: Sinistcha\n|\n|upkeep\n|turn|3\n|\n|t:|1788278307\n|switch|p1a: Garchomp|Garchomp, F, shiny|16/100\n|move|p2a: Great Tusk|Ice Spinner|p1a: Garchomp\n|-supereffective|p1a: Garchomp\n|-damage|p1a: Garchomp|0 fnt\n|-damage|p2a: Great Tusk|59/100|[from] ability: Rough Skin|[of] p1a: Garchomp\n|-damage|p2a: Great Tusk|42/100|[from] item: Rocky Helmet|[of] p1a: Garchomp\n|faint|p1a: Garchomp\n|\n|upkeep\n|\n|t:|1788278323\n|switch|p1a: Sinistcha|Sinistcha-Masterpiece|100/100\n|turn|4\n|\n|t:|1788278332\n|-end|p2a: Great Tusk|Protosynthesis|[silent]\n|switch|p2a: Cinderace|Cinderace, M|100/100\n|move|p1a: Sinistcha|Matcha Gotcha|p2a: Cinderace\n|-resisted|p2a: Cinderace\n|-damage|p2a: Cinderace|77/100\n|\n|upkeep\n|turn|5\n|\n|t:|1788278346\n|switch|p1a: Tyranitar|Tyranitar, F|100/100\n|-weather|Sandstorm|[from] ability: Sand Stream|[of] p1a: Tyranitar\n|move|p2a: Cinderace|Court Change|p2a: Cinderace\n|-start|p2a: Cinderace|typechange|Normal|[from] ability: Libero\n|-swapsideconditions\n|-activate|p2a: Cinderace|move: Court Change\n|\n|-weather|Sandstorm|[upkeep]\n|-damage|p2a: Cinderace|71/100|[from] Sandstorm\n|upkeep\n|turn|6\n|\n|t:|1788278356\n|switch|p1a: Moltres|Moltres|100/100\n|move|p2a: Cinderace|U-turn|p1a: Moltres\n|-resisted|p1a: Moltres\n|-damage|p1a: Moltres|97/100\n|\n|t:|1788278367\n|switch|p2a: Raging Bolt|Raging Bolt|100/100|[from] U-turn\n|\n|-weather|Sandstorm|[upkeep]\n|-damage|p1a: Moltres|91/100|[from] Sandstorm\n|-damage|p2a: Raging Bolt|94/100|[from] Sandstorm\n|upkeep\n|turn|7\n|\n|t:|1788278376\n|switch|p1a: Excadrill|Excadrill, M|100/100\n|-damage|p1a: Excadrill|97/100|[from] Stealth Rock\n|-item|p1a: Excadrill|Air Balloon\n|move|p2a: Raging Bolt|Draco Meteor|p1a: Excadrill\n|-resisted|p1a: Excadrill\n|-damage|p1a: Excadrill|16/100\n|-unboost|p2a: Raging Bolt|spa|2\n|-enditem|p1a: Excadrill|Air Balloon\n|\n|-weather|Sandstorm|[upkeep]\n|-damage|p2a: Raging Bolt|88/100|[from] Sandstorm\n|upkeep\n|turn|8\n|\n|t:|1788278390\n|-end|p2a: Raging Bolt|Protosynthesis|[silent]\n|switch|p2a: Tornadus|Tornadus-Therian, M|100/100\n|move|p1a: Excadrill|Rock Slide|p2a: Tornadus\n|-supereffective|p2a: Tornadus\n|-damage|p2a: Tornadus|44/100\n|\n|-weather|Sandstorm|[upkeep]\n|-damage|p2a: Tornadus|38/100|[from] Sandstorm\n|upkeep\n|turn|9\n|\n|t:|1788278400\n|switch|p2a: Dragonite|Dragonite, F|100/100\n|move|p1a: Excadrill|Rock Slide|p2a: Dragonite\n|-supereffective|p2a: Dragonite\n|-damage|p2a: Dragonite|70/100\n|\n|-weather|none\n|upkeep\n|turn|10\n|\n|t:|1788278410\n|-terastallize|p1a: Excadrill|Ghost\n|move|p1a: Excadrill|Rapid Spin|p2a: Dragonite\n|-damage|p2a: Dragonite|49/100\n|-boost|p1a: Excadrill|spe|1\n|-sideend|p1: la5495|Stealth Rock|[from] move: Rapid Spin|[of] p1a: Excadrill\n|move|p2a: Dragonite|Dragon Dance|p2a: Dragonite\n|-boost|p2a: Dragonite|atk|1\n|-boost|p2a: Dragonite|spe|1\n|\n|upkeep\n|turn|11\n|\n|t:|1788278433\n|move|p1a: Excadrill|Earthquake|p2a: Dragonite\n|-immune|p2a: Dragonite\n|move|p2a: Dragonite|Ice Spinner|p1a: Excadrill\n|-damage|p1a: Excadrill|0 fnt\n|faint|p1a: Excadrill\n|\n|upkeep\n|\n|t:|1788278450\n|switch|p1a: Moltres|Moltres|91/100\n|turn|12\n|\n|t:|1788278456\n|move|p2a: Dragonite|Ice Spinner|p1a: Moltres\n|-damage|p1a: Moltres|58/100\n|move|p1a: Moltres|U-turn|p2a: Dragonite\n|-resisted|p2a: Dragonite\n|-crit|p2a: Dragonite\n|-damage|p2a: Dragonite|36/100\n|\n|t:|1788278462\n|switch|p1a: Sinistcha|Sinistcha-Masterpiece|100/100|[from] U-turn\n|\n|upkeep\n|turn|13\n|\n|t:|1788278467\n|move|p2a: Dragonite|Ice Spinner|p1a: Sinistcha\n|-supereffective|p1a: Sinistcha\n|-damage|p1a: Sinistcha|30/100\n|move|p1a: Sinistcha|Strength Sap|p2a: Dragonite\n|-unboost|p2a: Dragonite|atk|1\n|-heal|p1a: Sinistcha|100/100\n|\n|upkeep\n|turn|14\n|\n|t:|1788278476\n|switch|p2a: Gholdengo|Gholdengo|100/100\n|move|p1a: Sinistcha|Shadow Ball|p2a: Gholdengo\n|-supereffective|p2a: Gholdengo\n|-crit|p2a: Gholdengo\n|-damage|p2a: Gholdengo|4/100\n|\n|-heal|p2a: Gholdengo|10/100|[from] item: Leftovers\n|upkeep\n|turn|15\n|\n|t:|1788278494\n|move|p2a: Gholdengo|Shadow Ball|p1a: Sinistcha\n|-supereffective|p1a: Sinistcha\n|-damage|p1a: Sinistcha|0 fnt\n|faint|p1a: Sinistcha\n|\n|-heal|p2a: Gholdengo|16/100|[from] item: Leftovers\n|upkeep\n|\n|t:|1788278498\n|switch|p1a: Tyranitar|Tyranitar, F|100/100\n|-weather|Sandstorm|[from] ability: Sand Stream|[of] p1a: Tyranitar\n|turn|16\n|\n|t:|1788278514\n|move|p2a: Gholdengo|Make It Rain|p1a: Tyranitar\n|-supereffective|p1a: Tyranitar\n|-damage|p1a: Tyranitar|51/100\n|-unboost|p2a: Gholdengo|spa|1\n|move|p1a: Tyranitar|Knock Off|p2a: Gholdengo\n|-supereffective|p2a: Gholdengo\n|-damage|p2a: Gholdengo|0 fnt\n|-enditem|p2a: Gholdengo|Leftovers|[from] move: Knock Off|[of] p1a: Tyranitar\n|faint|p2a: Gholdengo\n|\n|-weather|Sandstorm|[upkeep]\n|upkeep\n|\n|t:|1788278529\n|switch|p2a: Cinderace|Cinderace, M|71/100\n|turn|17\n|\n|t:|1788278534\n|switch|p1a: Moltres|Moltres|58/100\n|move|p2a: Cinderace|U-turn|p1a: Moltres\n|-start|p2a: Cinderace|typechange|Bug|[from] ability: Libero\n|-resisted|p1a: Moltres\n|-damage|p1a: Moltres|53/100\n|\n|t:|1788278541\n|switch|p2a: Raging Bolt|Raging Bolt|88/100|[from] U-turn\n|\n|-weather|Sandstorm|[upkeep]\n|-damage|p1a: Moltres|46/100|[from] Sandstorm\n|-damage|p2a: Raging Bolt|82/100|[from] Sandstorm\n|upkeep\n|turn|18\n|\n|t:|1788278552\n|move|p1a: Moltres|U-turn|p2a: Raging Bolt\n|-crit|p2a: Raging Bolt\n|-damage|p2a: Raging Bolt|65/100\n|\n|t:|1788278554\n|switch|p1a: Tyranitar|Tyranitar, F|51/100|[from] U-turn\n|move|p2a: Raging Bolt|Volt Switch|p1a: Tyranitar\n|-damage|p1a: Tyranitar|26/100\n|\n|t:|1788278563\n|-end|p2a: Raging Bolt|Protosynthesis|[silent]\n|switch|p2a: Cinderace|Cinderace, M|71/100|[from] Volt Switch\n|\n|-weather|Sandstorm|[upkeep]\n|-damage|p2a: Cinderace|65/100|[from] Sandstorm\n|upkeep\n|turn|19\n|\n|t:|1788278571\n|switch|p1a: Moltres|Moltres|46/100\n|move|p2a: Cinderace|U-turn|p1a: Moltres\n|-start|p2a: Cinderace|typechange|Bug|[from] ability: Libero\n|-resisted|p1a: Moltres\n|-damage|p1a: Moltres|41/100\n|\n|t:|1788278580\n|switch|p2a: Raging Bolt|Raging Bolt|65/100|[from] U-turn\n|\n|-weather|Sandstorm|[upkeep]\n|-damage|p1a: Moltres|34/100|[from] Sandstorm\n|-damage|p2a: Raging Bolt|59/100|[from] Sandstorm\n|upkeep\n|turn|20\n|\n|t:|1788278587\n|move|p1a: Moltres|Roost|p1a: Moltres\n|-heal|p1a: Moltres|84/100\n|-singleturn|p1a: Moltres|move: Roost\n|move|p2a: Raging Bolt|Draco Meteor|p1a: Moltres\n|-damage|p1a: Moltres|0 fnt\n|-unboost|p2a: Raging Bolt|spa|2\n|faint|p1a: Moltres\n|\n|-weather|none\n|upkeep\n|\n|t:|1788278599\n|switch|p1a: Tyranitar|Tyranitar, F|26/100\n|-weather|Sandstorm|[from] ability: Sand Stream|[of] p1a: Tyranitar\n|turn|21\n|\n|t:|1788278604\n|-end|p2a: Raging Bolt|Protosynthesis|[silent]\n|switch|p2a: Great Tusk|Great Tusk|42/100\n|move|p1a: Tyranitar|Ice Beam|p2a: Great Tusk\n|-supereffective|p2a: Great Tusk\n|-damage|p2a: Great Tusk|0 fnt\n|faint|p2a: Great Tusk\n|-end|p2a: Great Tusk|Protosynthesis|[silent]\n|\n|-weather|Sandstorm|[upkeep]\n|upkeep\n|\n|t:|1788278614\n|switch|p2a: Cinderace|Cinderace, M|65/100\n|turn|22\n|\n|t:|1788278623\n|move|p2a: Cinderace|U-turn|p1a: Tyranitar\n|-start|p2a: Cinderace|typechange|Bug|[from] ability: Libero\n|-supereffective|p1a: Tyranitar\n|-damage|p1a: Tyranitar|0 fnt\n|faint|p1a: Tyranitar\n|\n|t:|1788278629\n|switch|p2a: Tornadus|Tornadus-Therian, M|71/100|[from] U-turn\n|\n|-weather|Sandstorm|[upkeep]\n|-damage|p2a: Tornadus|65/100|[from] Sandstorm\n|upkeep\n|\n|t:|1788278631\n|switch|p1a: Zamazenta|Zamazenta|100/100\n|-ability|p1a: Zamazenta|Dauntless Shield|boost\n|-boost|p1a: Zamazenta|def|1\n|turn|23\n|\n|t:|1788278645\n|move|p1a: Zamazenta|Substitute|p1a: Zamazenta\n|-start|p1a: Zamazenta|Substitute\n|-damage|p1a: Zamazenta|76/100\n|move|p2a: Tornadus|Bleakwind Storm|p1a: Zamazenta\n|-supereffective|p1a: Zamazenta\n|-end|p1a: Zamazenta|Substitute\n|\n|-weather|Sandstorm|[upkeep]\n|-damage|p1a: Zamazenta|70/100|[from] Sandstorm\n|-damage|p2a: Tornadus|59/100|[from] Sandstorm\n|-heal|p1a: Zamazenta|76/100|[from] item: Leftovers\n|upkeep\n|turn|24\n|\n|t:|1788278656\n|move|p1a: Zamazenta|Substitute|p1a: Zamazenta\n|-start|p1a: Zamazenta|Substitute\n|-damage|p1a: Zamazenta|51/100\n|move|p2a: Tornadus|Bleakwind Storm|p1a: Zamazenta\n|-supereffective|p1a: Zamazenta\n|-end|p1a: Zamazenta|Substitute\n|\n|-weather|Sandstorm|[upkeep]\n|-damage|p1a: Zamazenta|45/100|[from] Sandstorm\n|-damage|p2a: Tornadus|52/100|[from] Sandstorm\n|-heal|p1a: Zamazenta|51/100|[from] item: Leftovers\n|upkeep\n|turn|25\n|\n|t:|1788278667\n|move|p1a: Zamazenta|Substitute|p1a: Zamazenta\n|-start|p1a: Zamazenta|Substitute\n|-damage|p1a: Zamazenta|26/100\n|move|p2a: Tornadus|Bleakwind Storm|p1a: Zamazenta\n|-supereffective|p1a: Zamazenta\n|-end|p1a: Zamazenta|Substitute\n|\n|-weather|none\n|-heal|p1a: Zamazenta|32/100|[from] item: Leftovers\n|upkeep\n|turn|26\n|\n|t:|1788278682\n|move|p1a: Zamazenta|Substitute|p1a: Zamazenta\n|-start|p1a: Zamazenta|Substitute\n|-damage|p1a: Zamazenta|7/100\n|move|p2a: Tornadus|Bleakwind Storm|p1a: Zamazenta|[miss]\n|-miss|p2a: Tornadus|p1a: Zamazenta\n|\n|-heal|p1a: Zamazenta|13/100|[from] item: Leftovers\n|upkeep\n|turn|27\n|\n|t:|1788278686\n|move|p1a: Zamazenta|Iron Defense|p1a: Zamazenta\n|-boost|p1a: Zamazenta|def|2\n|move|p2a: Tornadus|Bleakwind Storm|p1a: Zamazenta|[miss]\n|-miss|p2a: Tornadus|p1a: Zamazenta\n|\n|-heal|p1a: Zamazenta|19/100|[from] item: Leftovers\n|upkeep\n|turn|28\n|\n|t:|1788278691\n|move|p1a: Zamazenta|Body Press|p2a: Tornadus\n|-resisted|p2a: Tornadus\n|-damage|p2a: Tornadus|0 fnt\n|faint|p2a: Tornadus\n|\n|-heal|p1a: Zamazenta|25/100|[from] item: Leftovers\n|upkeep\n|\n|t:|1788278698\n|switch|p2a: Raging Bolt|Raging Bolt|59/100\n|turn|29\n|\n|t:|1788278703\n|-terastallize|p2a: Raging Bolt|Fairy\n|move|p1a: Zamazenta|Body Press|p2a: Raging Bolt\n|-resisted|p2a: Raging Bolt\n|-damage|p2a: Raging Bolt|20/100\n|move|p2a: Raging Bolt|Volt Switch|p1a: Zamazenta\n|-end|p1a: Zamazenta|Substitute\n|\n|t:|1788278719\n|-end|p2a: Raging Bolt|Protosynthesis|[silent]\n|switch|p2a: Cinderace|Cinderace, M|65/100|[from] Volt Switch\n|\n|-heal|p1a: Zamazenta|31/100|[from] item: Leftovers\n|upkeep\n|turn|30\n|\n|t:|1788278727\n|move|p1a: Zamazenta|Body Press|p2a: Cinderace\n|-damage|p2a: Cinderace|0 fnt\n|faint|p2a: Cinderace\n|\n|-heal|p1a: Zamazenta|37/100|[from] item: Leftovers\n|upkeep\n|\n|t:|1788278730\n|switch|p2a: Raging Bolt|Raging Bolt, tera:Fairy|20/100\n|turn|31\n|\n|t:|1788278736\n|move|p2a: Raging Bolt|Thunderclap||[still]\n|-fail|p2a: Raging Bolt\n|move|p1a: Zamazenta|Substitute|p1a: Zamazenta\n|-start|p1a: Zamazenta|Substitute\n|-damage|p1a: Zamazenta|12/100\n|\n|-heal|p1a: Zamazenta|18/100|[from] item: Leftovers\n|upkeep\n|turn|32\n|\n|t:|1788278740\n|move|p2a: Raging Bolt|Thunderclap|p1a: Zamazenta\n|-end|p1a: Zamazenta|Substitute\n|move|p1a: Zamazenta|Body Press|p2a: Raging Bolt\n|-resisted|p2a: Raging Bolt\n|-damage|p2a: Raging Bolt|0 fnt\n|faint|p2a: Raging Bolt\n|-end|p2a: Raging Bolt|Protosynthesis|[silent]\n|\n|-heal|p1a: Zamazenta|24/100|[from] item: Leftovers\n|upkeep\n|\n|t:|1788278744\n|switch|p2a: Dragonite|Dragonite, F|36/100\n|turn|33\n|\n|t:|1788278747\n|move|p2a: Dragonite|Extreme Speed|p1a: Zamazenta\n|-damage|p1a: Zamazenta|14/100\n|move|p1a: Zamazenta|Body Press|p2a: Dragonite\n|-resisted|p2a: Dragonite\n|-damage|p2a: Dragonite|0 fnt\n|faint|p2a: Dragonite\n|\n|win|la5495\n|raw|la5495's rating: 1544 &rarr; <strong>1567</strong><br />(+23 for winning)\n|raw|trime's rating: 1588 &rarr; <strong>1565</strong><br />(-23 for losing)\n|l|\u2606trime\n|player|p2|\n|l|\u2606la5495\n|player|p1|\n", "uploadtime": 1788278759, "views": "10", "formatid": "gen9ou", "rating": 1565, "private": 0, "password": null}