{"id": "gen9ou-2673986497", "format": "[Gen 9] OU", "players": ["GRENINJA_mdm", "hindus curry"], "log": "|j|\u2606GRENINJA_mdm\n|j|\u2606hindus curry\n|t:|1788285097\n|gametype|singles\n|player|p1|GRENINJA_mdm|dawn-gen4pt|1558\n|player|p2|hindus curry|2|1478\n|gen|9\n|tier|[Gen 9] OU\n|rated|\n|rule|HP Percentage Mod: HP is shown in percentages\n|rule|Endless Battle Clause: Forcing endless battles is banned\n|rule|Species Clause: Limit one of each Pok\u00e9mon\n|rule|OHKO Clause: OHKO moves are banned\n|rule|Evasion Items Clause: Evasion items are banned\n|rule|Evasion Moves Clause: Evasion moves are banned\n|rule|Evasion Abilities Clause: Evasion abilities are banned\n|rule|Sleep Moves Clause: Sleep-inducing moves are banned\n|clearpoke\n|poke|p1|Hydrapple, M|\n|poke|p1|Slowking, F|\n|poke|p1|Great Tusk|\n|poke|p1|Moltres|\n|poke|p1|Zamazenta-*|\n|poke|p1|Kingambit, F|\n|poke|p2|Slither Wing|\n|poke|p2|Great Tusk|\n|poke|p2|Ninetales, F|\n|poke|p2|Walking Wake|\n|poke|p2|Heatran, F|\n|poke|p2|Whimsicott, F|\n|teampreview\n|inactive|Battle timer is ON: inactive players will automatically lose when time's up. (requested by hindus curry)\n|\n|t:|1788285130\n|teamsize|p1|6\n|teamsize|p2|6\n|start\n|switch|p1a: Slowking|Slowking, F|100/100\n|switch|p2a: Ninetales|Ninetales, F|100/100\n|-weather|SunnyDay|[from] ability: Drought|[of] p2a: Ninetales\n|turn|1\n|inactive|hindus curry has 120 seconds left.\n|\n|t:|1788285163\n|move|p2a: Ninetales|Will-O-Wisp|p1a: Slowking\n|-status|p1a: Slowking|brn\n|move|p1a: Slowking|Future Sight|p2a: Ninetales\n|-start|p1a: Slowking|move: Future Sight\n|\n|-weather|SunnyDay|[upkeep]\n|-damage|p1a: Slowking|94/100 brn|[from] brn\n|upkeep\n|turn|2\n|\n|t:|1788285171\n|move|p2a: Ninetales|Encore|p1a: Slowking\n|-start|p1a: Slowking|Encore\n|move|p1a: Slowking|Future Sight||[still]\n|-fail|p1a: Slowking\n|\n|-weather|SunnyDay|[upkeep]\n|-damage|p1a: Slowking|88/100 brn|[from] brn\n|upkeep\n|turn|3\n|\n|t:|1788285177\n|switch|p1a: Moltres|Moltres|100/100\n|move|p2a: Ninetales|Weather Ball|p1a: Moltres\n|-resisted|p1a: Moltres\n|-damage|p1a: Moltres|77/100\n|\n|-weather|SunnyDay|[upkeep]\n|-end|p2a: Ninetales|move: Future Sight\n|-damage|p2a: Ninetales|58/100\n|upkeep\n|turn|4\n|\n|t:|1788285187\n|switch|p2a: Walking Wake|Walking Wake|100/100\n|-activate|p2a: Walking Wake|ability: Protosynthesis\n|-start|p2a: Walking Wake|protosynthesisspa\n|move|p1a: Moltres|U-turn|p2a: Walking Wake\n|-damage|p2a: Walking Wake|83/100\n|\n|t:|1788285190\n|switch|p1a: Slowking|Slowking, F|100/100 brn|[from] U-turn\n|\n|-weather|SunnyDay|[upkeep]\n|-damage|p1a: Slowking|94/100 brn|[from] brn\n|upkeep\n|turn|5\n|\n|t:|1788285200\n|move|p2a: Walking Wake|Draco Meteor|p1a: Slowking\n|-damage|p1a: Slowking|21/100 brn\n|-unboost|p2a: Walking Wake|spa|2\n|move|p1a: Slowking|Thunder Wave|p2a: Walking Wake\n|-status|p2a: Walking Wake|par\n|\n|-weather|SunnyDay|[upkeep]\n|-damage|p1a: Slowking|15/100 brn|[from] brn\n|upkeep\n|turn|6\n|\n|t:|1788285209\n|-end|p2a: Walking Wake|Protosynthesis|[silent]\n|switch|p2a: Heatran|Heatran, F|100/100\n|-item|p2a: Heatran|Air Balloon\n|switch|p1a: Moltres|Moltres|77/100\n|\n|-weather|SunnyDay|[upkeep]\n|upkeep\n|turn|7\n|\n|t:|1788285213\n|move|p2a: Heatran|Magma Storm|p1a: Moltres\n|-resisted|p1a: Moltres\n|-damage|p1a: Moltres|36/100\n|-activate|p1a: Moltres|move: Magma Storm|[of] p2a: Heatran\n|move|p1a: Moltres|U-turn|p2a: Heatran\n|-resisted|p2a: Heatran\n|-damage|p2a: Heatran|97/100\n|-enditem|p2a: Heatran|Air Balloon\n|\n|t:|1788285226\n|switch|p1a: Great Tusk|Great Tusk|100/100|[from] U-turn\n|-activate|p1a: Great Tusk|ability: Protosynthesis\n|-start|p1a: Great Tusk|protosynthesisatk\n|\n|-weather|SunnyDay|[upkeep]\n|upkeep\n|turn|8\n|\n|t:|1788285234\n|move|p1a: Great Tusk|Stealth Rock|p2a: Heatran\n|-sidestart|p2: hindus curry|move: Stealth Rock\n|move|p2a: Heatran|Magma Storm|p1a: Great Tusk\n|-damage|p1a: Great Tusk|0 fnt\n|faint|p1a: Great Tusk\n|-end|p1a: Great Tusk|Protosynthesis|[silent]\n|\n|-weather|none\n|upkeep\n|\n|t:|1788285240\n|switch|p1a: Zamazenta|Zamazenta|100/100\n|-ability|p1a: Zamazenta|Dauntless Shield|boost\n|-boost|p1a: Zamazenta|def|1\n|turn|9\n|\n|t:|1788285252\n|-terastallize|p2a: Heatran|Ghost\n|move|p1a: Zamazenta|Close Combat|p2a: Heatran\n|-immune|p2a: Heatran\n|move|p2a: Heatran|Magma Storm|p1a: Zamazenta\n|-damage|p1a: Zamazenta|53/100\n|-activate|p1a: Zamazenta|move: Magma Storm|[of] p2a: Heatran\n|\n|-damage|p1a: Zamazenta|40/100|[from] move: Magma Storm|[partiallytrapped]\n|upkeep\n|turn|10\n|\n|t:|1788285260\n|move|p1a: Zamazenta|Close Combat|p2a: Heatran\n|-immune|p2a: Heatran\n|move|p2a: Heatran|Stealth Rock|p1a: Zamazenta\n|-sidestart|p1: GRENINJA_mdm|move: Stealth Rock\n|\n|-damage|p1a: Zamazenta|28/100|[from] move: Magma Storm|[partiallytrapped]\n|upkeep\n|turn|11\n|\n|t:|1788285287\n|move|p1a: Zamazenta|Close Combat|p2a: Heatran\n|-immune|p2a: Heatran\n|move|p2a: Heatran|Earth Power|p1a: Zamazenta\n|-damage|p1a: Zamazenta|0 fnt\n|faint|p1a: Zamazenta\n|\n|upkeep\n|\n|t:|1788285294\n|switch|p1a: Moltres|Moltres|36/100\n|turn|12\n|\n|t:|1788285298\n|move|p2a: Heatran|Taunt|p1a: Moltres\n|-start|p1a: Moltres|move: Taunt\n|cant|p1a: Moltres|move: Taunt|Roost\n|\n|upkeep\n|turn|13\n|\n|t:|1788285303\n|move|p2a: Heatran|Magma Storm|p1a: Moltres\n|-resisted|p1a: Moltres\n|-damage|p1a: Moltres|9/100\n|-activate|p1a: Moltres|move: Magma Storm|[of] p2a: Heatran\n|move|p1a: Moltres|U-turn|p2a: Heatran\n|-resisted|p2a: Heatran\n|-damage|p2a: Heatran|89/100\n|\n|t:|1788285307\n|switch|p1a: Hydrapple|Hydrapple, M|100/100|[from] U-turn\n|-damage|p1a: Hydrapple|88/100|[from] Stealth Rock\n|\n|upkeep\n|turn|14\n|\n|t:|1788285311\n|switch|p2a: Whimsicott|Whimsicott, F|100/100\n|-damage|p2a: Whimsicott|88/100|[from] Stealth Rock\n|move|p1a: Hydrapple|Fickle Beam|p2a: Whimsicott\n|-immune|p2a: Whimsicott\n|\n|upkeep\n|turn|15\n|\n|t:|1788285317\n|switch|p1a: Kingambit|Kingambit, F|100/100\n|-damage|p1a: Kingambit|94/100|[from] Stealth Rock\n|-activate|p1a: Kingambit|ability: Supreme Overlord\n|-start|p1a: Kingambit|fallen2|[silent]\n|move|p2a: Whimsicott|Moonblast|p1a: Kingambit\n|-damage|p1a: Kingambit|35/100\n|\n|-heal|p1a: Kingambit|41/100|[from] item: Leftovers\n|upkeep\n|turn|16\n|\n|t:|1788285321\n|move|p2a: Whimsicott|Moonblast|p1a: Kingambit\n|-damage|p1a: Kingambit|0 fnt\n|faint|p1a: Kingambit\n|-end|p1a: Kingambit|fallen2|[silent]\n|\n|upkeep\n|-message|GRENINJA_mdm forfeited.\n|\n|win|hindus curry\n|raw|GRENINJA_mdm's rating: 1558 &rarr; <strong>1533</strong><br />(-25 for losing)\n|raw|hindus curry's rating: 1478 &rarr; <strong>1503</strong><br />(+25 for winning)\n|c|\u2606hindus curry|lol\n|c|\u2606hindus curry|loser\n|l|\u2606GRENINJA_mdm\n|player|p1|\n", "uploadtime": 1788285327, "views": "0", "formatid": "gen9ou", "rating": 1503, "private": 0, "password": null}