{"id": "gen9ou-2673860626", "format": "[Gen 9] OU", "players": ["kangarooteam1", "ttv_real"], "log": "|j|\u2606kangarooteam1\n|j|\u2606ttv_real\n|t:|1788269788\n|gametype|singles\n|player|p1|kangarooteam1|1|1542\n|player|p2|ttv_real|1|1529\n|gen|9\n|tier|[Gen 9] OU\n|rated|\n|rule|HP Percentage Mod: HP is shown in percentages\n|rule|Endless Battle Clause: Forcing endless battles is banned\n|rule|Species Clause: Limit one of each Pok\u00e9mon\n|rule|OHKO Clause: OHKO moves are banned\n|rule|Evasion Items Clause: Evasion items are banned\n|rule|Evasion Moves Clause: Evasion moves are banned\n|rule|Evasion Abilities Clause: Evasion abilities are banned\n|rule|Sleep Moves Clause: Sleep-inducing moves are banned\n|clearpoke\n|poke|p1|Great Tusk|\n|poke|p1|Gholdengo|\n|poke|p1|Raging Bolt|\n|poke|p1|Iron Valiant|\n|poke|p1|Ogerpon-Wellspring, F|\n|poke|p1|Kingambit, F|\n|poke|p2|Mew|\n|poke|p2|Ogerpon-Wellspring, F|\n|poke|p2|Great Tusk|\n|poke|p2|Kingambit, F|\n|poke|p2|Moltres|\n|poke|p2|Zamazenta-*|\n|teampreview\n|inactive|Battle timer is ON: inactive players will automatically lose when time's up. (requested by kangarooteam1)\n|inactive|ttv_real has 120 seconds left.\n|\n|t:|1788269825\n|teamsize|p1|6\n|teamsize|p2|6\n|start\n|switch|p1a: Raging Bolt|Raging Bolt|100/100\n|switch|p2a: Ogerpon|Ogerpon-Wellspring, F|100/100\n|turn|1\n|\n|t:|1788269827\n|move|p2a: Ogerpon|U-turn|p1a: Raging Bolt\n|-damage|p1a: Raging Bolt|79/100\n|\n|t:|1788269829\n|switch|p2a: Zamazenta|Zamazenta|100/100|[from] U-turn\n|-ability|p2a: Zamazenta|Dauntless Shield|boost\n|-boost|p2a: Zamazenta|def|1\n|move|p1a: Raging Bolt|Dragon Pulse|p2a: Zamazenta\n|-damage|p2a: Zamazenta|66/100\n|\n|-heal|p1a: Raging Bolt|85/100|[from] item: Leftovers\n|upkeep\n|turn|2\n|\n|t:|1788269832\n|move|p2a: Zamazenta|Close Combat|p1a: Raging Bolt\n|-damage|p1a: Raging Bolt|37/100\n|-unboost|p2a: Zamazenta|def|1\n|-unboost|p2a: Zamazenta|spd|1\n|move|p1a: Raging Bolt|Thunderbolt|p2a: Zamazenta\n|-damage|p2a: Zamazenta|17/100\n|\n|-heal|p1a: Raging Bolt|43/100|[from] item: Leftovers\n|upkeep\n|turn|3\n|\n|t:|1788269839\n|move|p1a: Raging Bolt|Thunderclap|p2a: Zamazenta\n|-damage|p2a: Zamazenta|0 fnt\n|faint|p2a: Zamazenta\n|\n|-heal|p1a: Raging Bolt|49/100|[from] item: Leftovers\n|upkeep\n|\n|t:|1788269842\n|switch|p2a: Great Tusk|Great Tusk|100/100\n|-enditem|p2a: Great Tusk|Booster Energy\n|-activate|p2a: Great Tusk|ability: Protosynthesis|[fromitem]\n|-start|p2a: Great Tusk|protosynthesisspe\n|turn|4\n|\n|t:|1788269846\n|-terastallize|p1a: Raging Bolt|Fairy\n|move|p2a: Great Tusk|Ice Spinner|p1a: Raging Bolt\n|-damage|p1a: Raging Bolt|30/100\n|move|p1a: Raging Bolt|Dragon Pulse|p2a: Great Tusk\n|-damage|p2a: Great Tusk|48/100\n|\n|-heal|p1a: Raging Bolt|36/100|[from] item: Leftovers\n|upkeep\n|turn|5\n|\n|t:|1788269848\n|move|p2a: Great Tusk|Headlong Rush|p1a: Raging Bolt\n|-damage|p1a: Raging Bolt|0 fnt\n|-unboost|p2a: Great Tusk|def|1\n|-unboost|p2a: Great Tusk|spd|1\n|faint|p1a: Raging Bolt\n|-end|p1a: Raging Bolt|Protosynthesis|[silent]\n|\n|upkeep\n|\n|t:|1788269849\n|switch|p1a: Ogerpon|Ogerpon-Wellspring, F|100/100\n|turn|6\n|\n|t:|1788269853\n|move|p2a: Great Tusk|Stealth Rock|p1a: Ogerpon\n|-sidestart|p1: kangarooteam1|move: Stealth Rock\n|move|p1a: Ogerpon|Ivy Cudgel|p2a: Great Tusk|[anim] Ivy Cudgel Water\n|-supereffective|p2a: Great Tusk\n|-damage|p2a: Great Tusk|0 fnt\n|faint|p2a: Great Tusk\n|-end|p2a: Great Tusk|Protosynthesis|[silent]\n|\n|upkeep\n|\n|t:|1788269856\n|switch|p2a: Ogerpon|Ogerpon-Wellspring, F|100/100\n|turn|7\n|\n|t:|1788269857\n|move|p1a: Ogerpon|U-turn|p2a: Ogerpon\n|-supereffective|p2a: Ogerpon\n|-damage|p2a: Ogerpon|24/100\n|\n|t:|1788269858\n|switch|p1a: Kingambit|Kingambit, F|100/100|[from] U-turn\n|-damage|p1a: Kingambit|94/100|[from] Stealth Rock\n|-activate|p1a: Kingambit|ability: Supreme Overlord\n|-start|p1a: Kingambit|fallen1|[silent]\n|move|p2a: Ogerpon|Power Whip|p1a: Kingambit\n|-resisted|p1a: Kingambit\n|-damage|p1a: Kingambit|66/100\n|\n|-heal|p1a: Kingambit|73/100|[from] item: Leftovers\n|upkeep\n|turn|8\n|\n|t:|1788269862\n|switch|p2a: Moltres|Moltres|100/100\n|move|p1a: Kingambit|Sucker Punch||[still]\n|-fail|p1a: Kingambit\n|\n|-heal|p1a: Kingambit|79/100|[from] item: Leftovers\n|upkeep\n|turn|9\n|\n|t:|1788269864\n|-end|p1a: Kingambit|fallen1|[silent]\n|switch|p1a: Ogerpon|Ogerpon-Wellspring, F|100/100\n|-damage|p1a: Ogerpon|88/100|[from] Stealth Rock\n|move|p2a: Moltres|Flamethrower|p1a: Ogerpon\n|-damage|p1a: Ogerpon|45/100\n|-status|p1a: Ogerpon|brn\n|\n|-damage|p1a: Ogerpon|39/100 brn|[from] brn\n|upkeep\n|turn|10\n|\n|t:|1788269867\n|switch|p2a: Ogerpon|Ogerpon-Wellspring, F|24/100\n|move|p1a: Ogerpon|Ivy Cudgel|p2a: Ogerpon|[anim] Ivy Cudgel Water\n|-heal|p2a: Ogerpon|49/100|[from] ability: Water Absorb|[of] p1a: Ogerpon\n|\n|-damage|p1a: Ogerpon|33/100 brn|[from] brn\n|upkeep\n|turn|11\n|\n|t:|1788269870\n|move|p1a: Ogerpon|Power Whip|p2a: Ogerpon\n|-damage|p2a: Ogerpon|0 fnt\n|faint|p2a: Ogerpon\n|\n|-damage|p1a: Ogerpon|27/100 brn|[from] brn\n|upkeep\n|\n|t:|1788269873\n|switch|p2a: Kingambit|Kingambit, F|100/100\n|-activate|p2a: Kingambit|ability: Supreme Overlord\n|-start|p2a: Kingambit|fallen3|[silent]\n|turn|12\n|\n|t:|1788269875\n|move|p2a: Kingambit|Sucker Punch|p1a: Ogerpon\n|-damage|p1a: Ogerpon|0 fnt\n|faint|p1a: Ogerpon\n|\n|upkeep\n|\n|t:|1788269876\n|switch|p1a: Great Tusk|Great Tusk|100/100\n|-damage|p1a: Great Tusk|98/100|[from] Stealth Rock\n|turn|13\n|\n|t:|1788269879\n|-end|p2a: Kingambit|fallen3|[silent]\n|switch|p2a: Moltres|Moltres|100/100\n|move|p1a: Great Tusk|Rapid Spin|p2a: Moltres\n|-damage|p2a: Moltres|87/100\n|-boost|p1a: Great Tusk|spe|1\n|-sideend|p1: kangarooteam1|Stealth Rock|[from] move: Rapid Spin|[of] p1a: Great Tusk\n|\n|-heal|p1a: Great Tusk|100/100|[from] item: Leftovers\n|upkeep\n|turn|14\n|\n|t:|1788269881\n|move|p1a: Great Tusk|Stealth Rock|p2a: Moltres\n|-sidestart|p2: ttv_real|move: Stealth Rock\n|move|p2a: Moltres|Flamethrower|p1a: Great Tusk\n|-crit|p1a: Great Tusk\n|-damage|p1a: Great Tusk|28/100\n|\n|-heal|p1a: Great Tusk|34/100|[from] item: Leftovers\n|upkeep\n|turn|15\n|\n|t:|1788269883\n|move|p1a: Great Tusk|Knock Off|p2a: Moltres\n|-damage|p2a: Moltres|62/100\n|-enditem|p2a: Moltres|Heavy-Duty Boots|[from] move: Knock Off|[of] p1a: Great Tusk\n|move|p2a: Moltres|Flamethrower|p1a: Great Tusk\n|-damage|p1a: Great Tusk|0 fnt\n|faint|p1a: Great Tusk\n|-end|p1a: Great Tusk|Protosynthesis|[silent]\n|\n|upkeep\n|\n|t:|1788269885\n|switch|p1a: Iron Valiant|Iron Valiant|100/100\n|-enditem|p1a: Iron Valiant|Booster Energy\n|-activate|p1a: Iron Valiant|ability: Quark Drive|[fromitem]\n|-start|p1a: Iron Valiant|quarkdrivespe\n|turn|16\n|\n|t:|1788269887\n|move|p1a: Iron Valiant|Thunderbolt|p2a: Moltres\n|-supereffective|p2a: Moltres\n|-damage|p2a: Moltres|23/100\n|move|p2a: Moltres|Roar|p1a: Iron Valiant\n|-end|p1a: Iron Valiant|Quark Drive|[silent]\n|drag|p1a: Gholdengo|Gholdengo|100/100\n|-item|p1a: Gholdengo|Air Balloon\n|\n|upkeep\n|turn|17\n|\n|t:|1788269888\n|move|p1a: Gholdengo|Shadow Ball|p2a: Moltres\n|-damage|p2a: Moltres|0 fnt\n|faint|p2a: Moltres\n|\n|upkeep\n|\n|t:|1788269891\n|switch|p2a: Kingambit|Kingambit, F|100/100\n|-damage|p2a: Kingambit|94/100|[from] Stealth Rock\n|-activate|p2a: Kingambit|ability: Supreme Overlord\n|-start|p2a: Kingambit|fallen4|[silent]\n|turn|18\n|\n|t:|1788269892\n|switch|p1a: Iron Valiant|Iron Valiant|100/100\n|move|p2a: Kingambit|Kowtow Cleave|p1a: Iron Valiant\n|-resisted|p1a: Iron Valiant\n|-damage|p1a: Iron Valiant|78/100\n|\n|-heal|p2a: Kingambit|100/100|[from] item: Leftovers\n|upkeep\n|turn|19\n|\n|t:|1788269896\n|move|p1a: Iron Valiant|Close Combat|p2a: Kingambit\n|-supereffective|p2a: Kingambit\n|-damage|p2a: Kingambit|0 fnt\n|-unboost|p1a: Iron Valiant|def|1\n|-unboost|p1a: Iron Valiant|spd|1\n|faint|p2a: Kingambit\n|-end|p2a: Kingambit|fallen4|[silent]\n|\n|upkeep\n|\n|t:|1788269898\n|switch|p2a: Mew|Mew|100/100\n|turn|20\n|\n|t:|1788269901\n|-end|p1a: Iron Valiant|Quark Drive|[silent]\n|switch|p1a: Kingambit|Kingambit, F|79/100\n|-activate|p1a: Kingambit|ability: Supreme Overlord\n|-start|p1a: Kingambit|fallen3|[silent]\n|move|p2a: Mew|Psyshock|p1a: Kingambit\n|-immune|p1a: Kingambit\n|\n|-heal|p1a: Kingambit|85/100|[from] item: Leftovers\n|upkeep\n|turn|21\n|\n|t:|1788269903\n|-terastallize|p2a: Mew|Fighting\n|move|p2a: Mew|Aura Sphere|p1a: Kingambit\n|-supereffective|p1a: Kingambit\n|-damage|p1a: Kingambit|0 fnt\n|faint|p1a: Kingambit\n|-end|p1a: Kingambit|fallen3|[silent]\n|\n|upkeep\n|\n|t:|1788269904\n|switch|p1a: Iron Valiant|Iron Valiant|78/100\n|turn|22\n|j| lord cali\n|j| Slashutu\n|\n|t:|1788269906\n|move|p1a: Iron Valiant|Moonblast|p2a: Mew\n|-supereffective|p2a: Mew\n|-damage|p2a: Mew|5/100\n|move|p2a: Mew|Psyshock|p1a: Iron Valiant\n|-supereffective|p1a: Iron Valiant\n|-damage|p1a: Iron Valiant|0 fnt\n|faint|p1a: Iron Valiant\n|-end|p1a: Iron Valiant|Quark Drive|[silent]\n|\n|upkeep\n|\n|t:|1788269907\n|switch|p1a: Gholdengo|Gholdengo|100/100\n|-item|p1a: Gholdengo|Air Balloon\n|turn|23\n|\n|t:|1788269908\n|move|p2a: Mew|Shadow Ball|p1a: Gholdengo\n|-supereffective|p1a: Gholdengo\n|-damage|p1a: Gholdengo|44/100\n|-enditem|p1a: Gholdengo|Air Balloon\n|move|p1a: Gholdengo|Shadow Ball|p2a: Mew\n|-damage|p2a: Mew|0 fnt\n|faint|p2a: Mew\n|\n|win|kangarooteam1\n|raw|kangarooteam1's rating: 1542 &rarr; <strong>1561</strong><br />(+19 for winning)\n|raw|ttv_real's rating: 1529 &rarr; <strong>1510</strong><br />(-19 for losing)\n|l|\u2606kangarooteam1\n|player|p1|\n|l|\u2606ttv_real\n|player|p2|\n|l| Slashutu\n|l| lord cali\n", "uploadtime": 1788269909, "views": "6", "formatid": "gen9ou", "rating": 1510, "private": 0, "password": null}