{"id": "gen9ou-2673980275", "format": "[Gen 9] OU", "players": ["Acastillo631", "kangarooteam1"], "log": "|j|\u2606Acastillo631\n|j|\u2606kangarooteam1\n|t:|1788284375\n|gametype|singles\n|player|p1|Acastillo631|silver|1616\n|player|p2|kangarooteam1|1|1585\n|gen|9\n|tier|[Gen 9] OU\n|rated|\n|rule|HP Percentage Mod: HP is shown in percentages\n|rule|Endless Battle Clause: Forcing endless battles is banned\n|rule|Species Clause: Limit one of each Pok\u00e9mon\n|rule|OHKO Clause: OHKO moves are banned\n|rule|Evasion Items Clause: Evasion items are banned\n|rule|Evasion Moves Clause: Evasion moves are banned\n|rule|Evasion Abilities Clause: Evasion abilities are banned\n|rule|Sleep Moves Clause: Sleep-inducing moves are banned\n|clearpoke\n|poke|p1|Iron Valiant|\n|poke|p1|Sinistcha|\n|poke|p1|Klefki, F|\n|poke|p1|Iron Treads|\n|poke|p1|Tyranitar, F|\n|poke|p1|Samurott-Hisui, M|\n|poke|p2|Great Tusk|\n|poke|p2|Gholdengo|\n|poke|p2|Raging Bolt|\n|poke|p2|Iron Valiant|\n|poke|p2|Ogerpon-Wellspring, F|\n|poke|p2|Kingambit, M|\n|teampreview\n|inactive|Battle timer is ON: inactive players will automatically lose when time's up. (requested by kangarooteam1)\n|\n|t:|1788284381\n|teamsize|p1|6\n|teamsize|p2|6\n|start\n|switch|p1a: Blade Armor|Samurott-Hisui, M|100/100\n|switch|p2a: Kingambit|Kingambit, M|100/100\n|turn|1\n|\n|t:|1788284384\n|move|p1a: Blade Armor|Sacred Sword|p2a: Kingambit\n|-supereffective|p2a: Kingambit\n|-damage|p2a: Kingambit|0 fnt\n|faint|p2a: Kingambit\n|-end|p2a: Kingambit|fallenundefined|[silent]\n|\n|upkeep\n|\n|t:|1788284387\n|switch|p2a: Gholdengo|Gholdengo|100/100\n|-item|p2a: Gholdengo|Air Balloon\n|turn|2\n|\n|t:|1788284394\n|move|p1a: Blade Armor|Ceaseless Edge|p2a: Gholdengo\n|-supereffective|p2a: Gholdengo\n|-damage|p2a: Gholdengo|0 fnt\n|-enditem|p2a: Gholdengo|Air Balloon\n|-sidestart|p2: kangarooteam1|Spikes\n|faint|p2a: Gholdengo\n|\n|upkeep\n|\n|t:|1788284396\n|switch|p2a: Raging Bolt|Raging Bolt|100/100\n|-damage|p2a: Raging Bolt|88/100|[from] Spikes\n|turn|3\n|\n|t:|1788284398\n|switch|p1a: Eregion|Tyranitar, F|100/100\n|-weather|Sandstorm|[from] ability: Sand Stream|[of] p1a: Eregion\n|move|p2a: Raging Bolt|Calm Mind|p2a: Raging Bolt\n|-boost|p2a: Raging Bolt|spa|1\n|-boost|p2a: Raging Bolt|spd|1\n|\n|-weather|Sandstorm|[upkeep]\n|-damage|p2a: Raging Bolt|82/100|[from] Sandstorm\n|-heal|p2a: Raging Bolt|88/100|[from] item: Leftovers\n|upkeep\n|turn|4\n|\n|t:|1788284401\n|-end|p2a: Raging Bolt|Protosynthesis|[silent]\n|switch|p2a: Great Tusk|Great Tusk|100/100\n|-damage|p2a: Great Tusk|88/100|[from] Spikes\n|move|p1a: Eregion|Stealth Rock|p2a: Great Tusk\n|-sidestart|p2: kangarooteam1|move: Stealth Rock\n|\n|-weather|Sandstorm|[upkeep]\n|-heal|p2a: Great Tusk|94/100|[from] item: Leftovers\n|upkeep\n|turn|5\n|\n|t:|1788284417\n|switch|p1a: Wire Sponge|Sinistcha|100/100\n|move|p2a: Great Tusk|Stealth Rock|p1a: Wire Sponge\n|-sidestart|p1: Acastillo631|move: Stealth Rock\n|\n|-weather|Sandstorm|[upkeep]\n|-damage|p1a: Wire Sponge|94/100|[from] Sandstorm\n|-heal|p2a: Great Tusk|100/100|[from] item: Leftovers\n|upkeep\n|turn|6\n|\n|t:|1788284419\n|-end|p2a: Great Tusk|Protosynthesis|[silent]\n|switch|p2a: Raging Bolt|Raging Bolt|88/100\n|-damage|p2a: Raging Bolt|76/100|[from] Spikes\n|-damage|p2a: Raging Bolt|63/100|[from] Stealth Rock\n|move|p1a: Wire Sponge|Matcha Gotcha|p2a: Raging Bolt\n|-resisted|p2a: Raging Bolt\n|-damage|p2a: Raging Bolt|50/100\n|-heal|p1a: Wire Sponge|100/100|[from] drain|[of] p2a: Raging Bolt\n|-status|p2a: Raging Bolt|brn\n|\n|-weather|Sandstorm|[upkeep]\n|-damage|p1a: Wire Sponge|94/100|[from] Sandstorm\n|-damage|p2a: Raging Bolt|44/100 brn|[from] Sandstorm\n|-heal|p2a: Raging Bolt|50/100 brn|[from] item: Leftovers\n|-damage|p2a: Raging Bolt|44/100 brn|[from] brn\n|upkeep\n|turn|7\n|\n|t:|1788284424\n|switch|p1a: Armored Armadillo|Iron Treads|100/100\n|-damage|p1a: Armored Armadillo|97/100|[from] Stealth Rock\n|-item|p1a: Armored Armadillo|Air Balloon\n|move|p2a: Raging Bolt|Dragon Pulse|p1a: Armored Armadillo\n|-resisted|p1a: Armored Armadillo\n|-damage|p1a: Armored Armadillo|58/100\n|-enditem|p1a: Armored Armadillo|Air Balloon\n|\n|-weather|none\n|-heal|p2a: Raging Bolt|50/100 brn|[from] item: Leftovers\n|-damage|p2a: Raging Bolt|44/100 brn|[from] brn\n|upkeep\n|turn|8\n|\n|t:|1788284426\n|-end|p2a: Raging Bolt|Protosynthesis|[silent]\n|switch|p2a: Great Tusk|Great Tusk|100/100\n|-damage|p2a: Great Tusk|88/100|[from] Spikes\n|-damage|p2a: Great Tusk|85/100|[from] Stealth Rock\n|move|p1a: Armored Armadillo|Earthquake|p2a: Great Tusk\n|-damage|p2a: Great Tusk|59/100\n|\n|-heal|p2a: Great Tusk|65/100|[from] item: Leftovers\n|upkeep\n|turn|9\n|\n|t:|1788284430\n|-end|p1a: Armored Armadillo|Quark Drive|[silent]\n|switch|p1a: Redips|Klefki, F|100/100\n|-damage|p1a: Redips|95/100|[from] Stealth Rock\n|move|p2a: Great Tusk|Knock Off|p1a: Redips\n|-resisted|p1a: Redips\n|-damage|p1a: Redips|83/100\n|-damage|p2a: Great Tusk|48/100|[from] item: Rocky Helmet|[of] p1a: Redips\n|-enditem|p1a: Redips|Rocky Helmet|[from] move: Knock Off|[of] p2a: Great Tusk\n|\n|-heal|p2a: Great Tusk|54/100|[from] item: Leftovers\n|upkeep\n|turn|10\n|\n|t:|1788284433\n|switch|p1a: Wire Sponge|Sinistcha|94/100\n|move|p2a: Great Tusk|Knock Off|p1a: Wire Sponge\n|-supereffective|p1a: Wire Sponge\n|-damage|p1a: Wire Sponge|50/100\n|-enditem|p1a: Wire Sponge|Heavy-Duty Boots|[from] move: Knock Off|[of] p2a: Great Tusk\n|\n|-heal|p2a: Great Tusk|61/100|[from] item: Leftovers\n|upkeep\n|turn|11\n|\n|t:|1788284435\n|move|p2a: Great Tusk|Earthquake|p1a: Wire Sponge\n|-resisted|p1a: Wire Sponge\n|-damage|p1a: Wire Sponge|33/100\n|move|p1a: Wire Sponge|Strength Sap|p2a: Great Tusk\n|-unboost|p2a: Great Tusk|atk|1\n|-heal|p1a: Wire Sponge|100/100\n|\n|-heal|p2a: Great Tusk|67/100|[from] item: Leftovers\n|upkeep\n|turn|12\n|\n|t:|1788284438\n|-terastallize|p2a: Great Tusk|Steel\n|move|p2a: Great Tusk|Knock Off|p1a: Wire Sponge\n|-supereffective|p1a: Wire Sponge\n|-damage|p1a: Wire Sponge|83/100\n|move|p1a: Wire Sponge|Shadow Ball|p2a: Great Tusk\n|-damage|p2a: Great Tusk|21/100\n|-unboost|p2a: Great Tusk|spd|1\n|\n|-heal|p2a: Great Tusk|27/100|[from] item: Leftovers\n|upkeep\n|turn|13\n|\n|t:|1788284440\n|move|p2a: Great Tusk|Knock Off|p1a: Wire Sponge\n|-supereffective|p1a: Wire Sponge\n|-damage|p1a: Wire Sponge|64/100\n|move|p1a: Wire Sponge|Strength Sap|p2a: Great Tusk\n|-unboost|p2a: Great Tusk|atk|1\n|-heal|p1a: Wire Sponge|100/100\n|\n|-heal|p2a: Great Tusk|34/100|[from] item: Leftovers\n|upkeep\n|turn|14\n|\n|t:|1788284442\n|move|p2a: Great Tusk|Knock Off|p1a: Wire Sponge\n|-supereffective|p1a: Wire Sponge\n|-damage|p1a: Wire Sponge|86/100\n|move|p1a: Wire Sponge|Shadow Ball|p2a: Great Tusk\n|-damage|p2a: Great Tusk|0 fnt\n|faint|p2a: Great Tusk\n|-end|p2a: Great Tusk|Protosynthesis|[silent]\n|\n|upkeep\n|\n|t:|1788284443\n|switch|p2a: Raging Bolt|Raging Bolt|44/100 brn\n|-damage|p2a: Raging Bolt|32/100 brn|[from] Spikes\n|-damage|p2a: Raging Bolt|19/100 brn|[from] Stealth Rock\n|turn|15\n|\n|t:|1788284446\n|switch|p1a: Armored Armadillo|Iron Treads|58/100\n|-damage|p1a: Armored Armadillo|55/100|[from] Stealth Rock\n|move|p2a: Raging Bolt|Dragon Pulse|p1a: Armored Armadillo\n|-resisted|p1a: Armored Armadillo\n|-damage|p1a: Armored Armadillo|18/100\n|\n|-heal|p2a: Raging Bolt|25/100 brn|[from] item: Leftovers\n|-damage|p2a: Raging Bolt|19/100 brn|[from] brn\n|upkeep\n|turn|16\n|\n|t:|1788284447\n|move|p1a: Armored Armadillo|Rapid Spin|p2a: Raging Bolt\n|-damage|p2a: Raging Bolt|7/100 brn\n|-boost|p1a: Armored Armadillo|spe|1\n|-sideend|p1: Acastillo631|Stealth Rock|[from] move: Rapid Spin|[of] p1a: Armored Armadillo\n|move|p2a: Raging Bolt|Dragon Pulse|p1a: Armored Armadillo\n|-resisted|p1a: Armored Armadillo\n|-damage|p1a: Armored Armadillo|0 fnt\n|faint|p1a: Armored Armadillo\n|-end|p1a: Armored Armadillo|Quark Drive|[silent]\n|\n|-heal|p2a: Raging Bolt|13/100 brn|[from] item: Leftovers\n|-damage|p2a: Raging Bolt|7/100 brn|[from] brn\n|upkeep\n|\n|t:|1788284453\n|switch|p1a: Eregion|Tyranitar, F|100/100\n|-weather|Sandstorm|[from] ability: Sand Stream|[of] p1a: Eregion\n|turn|17\n|\n|t:|1788284455\n|move|p2a: Raging Bolt|Thunderbolt|p1a: Eregion\n|-damage|p1a: Eregion|79/100\n|move|p1a: Eregion|Roar|p2a: Raging Bolt\n|-end|p2a: Raging Bolt|Protosynthesis|[silent]\n|drag|p2a: Iron Valiant|Iron Valiant|100/100\n|-damage|p2a: Iron Valiant|88/100|[from] Spikes\n|-damage|p2a: Iron Valiant|82/100|[from] Stealth Rock\n|-enditem|p2a: Iron Valiant|Booster Energy\n|-activate|p2a: Iron Valiant|ability: Quark Drive|[fromitem]\n|-start|p2a: Iron Valiant|quarkdrivespe\n|\n|-weather|Sandstorm|[upkeep]\n|-damage|p2a: Iron Valiant|76/100|[from] Sandstorm\n|-heal|p1a: Eregion|85/100|[from] item: Leftovers\n|upkeep\n|turn|18\n|\n|t:|1788284459\n|switch|p1a: Redips|Klefki, F|83/100\n|move|p2a: Iron Valiant|Moonblast|p1a: Redips\n|-resisted|p1a: Redips\n|-crit|p1a: Redips\n|-damage|p1a: Redips|42/100\n|\n|-weather|Sandstorm|[upkeep]\n|-damage|p2a: Iron Valiant|69/100|[from] Sandstorm\n|upkeep\n|turn|19\n|\n|t:|1788284462\n|move|p1a: Redips|Thunder Wave|p2a: Iron Valiant\n|-status|p2a: Iron Valiant|par\n|move|p2a: Iron Valiant|Thunderbolt|p1a: Redips\n|-damage|p1a: Redips|6/100\n|\n|-weather|Sandstorm|[upkeep]\n|-damage|p2a: Iron Valiant|63/100 par|[from] Sandstorm\n|upkeep\n|turn|20\n|\n|t:|1788284465\n|move|p1a: Redips|Spikes|p2a: Iron Valiant\n|-sidestart|p2: kangarooteam1|Spikes\n|move|p2a: Iron Valiant|Thunderbolt|p1a: Redips\n|-damage|p1a: Redips|0 fnt\n|faint|p1a: Redips\n|\n|-weather|Sandstorm|[upkeep]\n|-damage|p2a: Iron Valiant|57/100 par|[from] Sandstorm\n|upkeep\n|\n|t:|1788284470\n|switch|p1a: Blade Armor|Samurott-Hisui, M|100/100\n|turn|21\n|\n|t:|1788284472\n|move|p1a: Blade Armor|Razor Shell|p2a: Iron Valiant|[miss]\n|-miss|p1a: Blade Armor|p2a: Iron Valiant\n|move|p2a: Iron Valiant|Moonblast|p1a: Blade Armor\n|-supereffective|p1a: Blade Armor\n|-damage|p1a: Blade Armor|0 fnt\n|faint|p1a: Blade Armor\n|\n|-weather|none\n|upkeep\n|\n|t:|1788284476\n|switch|p1a: Sage Harpuia|Iron Valiant|100/100\n|-enditem|p1a: Sage Harpuia|Booster Energy\n|-activate|p1a: Sage Harpuia|ability: Quark Drive|[fromitem]\n|-start|p1a: Sage Harpuia|quarkdrivespe\n|turn|22\n|\n|t:|1788284478\n|-end|p2a: Iron Valiant|Quark Drive|[silent]\n|switch|p2a: Raging Bolt|Raging Bolt|7/100 brn\n|-damage|p2a: Raging Bolt|0 fnt|[from] Spikes\n|faint|p2a: Raging Bolt\n|-end|p2a: Raging Bolt|Protosynthesis|[silent]\n|move|p1a: Sage Harpuia|Moonblast|p2: Raging Bolt|[notarget]\n|-fail|p1a: Sage Harpuia\n|\n|upkeep\n|j| Slashutu\n|inactive|kangarooteam1 has 120 seconds left.\n|inactive|kangarooteam1 has 90 seconds left.\n|l| Slashutu\n|inactive|kangarooteam1 has 60 seconds left.\n|inactive|kangarooteam1 has 30 seconds left.\n|inactive|kangarooteam1 has 20 seconds left.\n|inactive|kangarooteam1 has 15 seconds left.\n|inactive|kangarooteam1 has 10 seconds left.\n|inactive|kangarooteam1 has 5 seconds left.\n|-message|kangarooteam1 lost due to inactivity.\n|\n|win|Acastillo631\n|raw|Acastillo631's rating: 1616 &rarr; <strong>1634</strong><br />(+18 for winning)\n|raw|kangarooteam1's rating: 1585 &rarr; <strong>1567</strong><br />(-18 for losing)\n|l|\u2606Acastillo631\n|player|p1|\n", "uploadtime": 1788284764, "views": "0", "formatid": "gen9ou", "rating": 1567, "private": 0, "password": null}