{"id": "gen9ou-2674027699", "format": "[Gen 9] OU", "players": ["wattinculo", "colorway182"], "log": "|j|\u2606wattinculo\n|j|\u2606colorway182\n|t:|1788289930\n|gametype|singles\n|player|p1|wattinculo|102|1395\n|player|p2|colorway182|gentleman-gen4dp|1337\n|gen|9\n|tier|[Gen 9] OU\n|rated|\n|rule|HP Percentage Mod: HP is shown in percentages\n|rule|Endless Battle Clause: Forcing endless battles is banned\n|rule|Species Clause: Limit one of each Pok\u00e9mon\n|rule|OHKO Clause: OHKO moves are banned\n|rule|Evasion Items Clause: Evasion items are banned\n|rule|Evasion Moves Clause: Evasion moves are banned\n|rule|Evasion Abilities Clause: Evasion abilities are banned\n|rule|Sleep Moves Clause: Sleep-inducing moves are banned\n|clearpoke\n|poke|p1|Ogerpon-Wellspring, F|\n|poke|p1|Gholdengo|\n|poke|p1|Moltres|\n|poke|p1|Iron Valiant|\n|poke|p1|Great Tusk|\n|poke|p1|Rillaboom, F|\n|poke|p2|Serperior, F|\n|poke|p2|Empoleon, M|\n|poke|p2|Cinderace, M|\n|poke|p2|Araquanid, F|\n|poke|p2|Enamorus, F|\n|poke|p2|Kingambit, F|\n|teampreview\n|inactive|Battle timer is ON: inactive players will automatically lose when time's up. (requested by colorway182)\n|\n|t:|1788289937\n|teamsize|p1|6\n|teamsize|p2|6\n|start\n|switch|p1a: Gholdengo|Gholdengo|100/100\n|switch|p2a: Araquanid|Araquanid, F|100/100\n|turn|1\n|\n|t:|1788289942\n|move|p1a: Gholdengo|Trick|p2a: Araquanid\n|-activate|p1a: Gholdengo|move: Trick|[of] p2a: Araquanid\n|-item|p2a: Araquanid|Choice Scarf|[from] move: Trick\n|-item|p1a: Gholdengo|Custap Berry|[from] move: Trick\n|move|p2a: Araquanid|Sticky Web|p1a: Gholdengo\n|-sidestart|p1: wattinculo|move: Sticky Web\n|\n|upkeep\n|turn|2\n|\n|t:|1788289948\n|switch|p1a: Great Tusk|Great Tusk|100/100\n|switch|p2a: Cinderace|Cinderace, M|100/100\n|\n|upkeep\n|turn|3\n|\n|t:|1788289957\n|move|p2a: Cinderace|Court Change|p2a: Cinderace\n|-start|p2a: Cinderace|typechange|Normal|[from] ability: Libero\n|-swapsideconditions\n|-activate|p2a: Cinderace|move: Court Change\n|move|p1a: Great Tusk|Rapid Spin|p2a: Cinderace\n|-damage|p2a: Cinderace|76/100\n|-boost|p1a: Great Tusk|spe|1\n|\n|upkeep\n|turn|4\n|\n|t:|1788289971\n|switch|p2a: Araquanid|Araquanid, F|100/100\n|-activate|p2a: Araquanid|move: Sticky Web\n|-unboost|p2a: Araquanid|spe|1\n|move|p1a: Great Tusk|Ice Spinner|p2a: Araquanid\n|-resisted|p2a: Araquanid\n|-damage|p2a: Araquanid|85/100\n|\n|upkeep\n|turn|5\n|\n|t:|1788289980\n|-end|p1a: Great Tusk|Protosynthesis|[silent]\n|switch|p1a: Ogerpon|Ogerpon-Wellspring, F|100/100\n|move|p2a: Araquanid|Surf|p1a: Ogerpon\n|-immune|p1a: Ogerpon|[from] ability: Water Absorb\n|\n|upkeep\n|turn|6\n|\n|t:|1788289994\n|switch|p2a: Serperior|Serperior, F, shiny|100/100\n|-activate|p2a: Serperior|move: Sticky Web\n|-boost|p2a: Serperior|spe|1\n|move|p1a: Ogerpon|Swords Dance|p1a: Ogerpon\n|-boost|p1a: Ogerpon|atk|2\n|\n|upkeep\n|turn|7\n|\n|t:|1788290002\n|move|p2a: Serperior|Leaf Storm|p1a: Ogerpon\n|-damage|p1a: Ogerpon|46/100\n|-boost|p2a: Serperior|spa|2\n|move|p1a: Ogerpon|Play Rough|p2a: Serperior\n|-damage|p2a: Serperior|12/100\n|\n|-heal|p2a: Serperior|18/100|[from] item: Leftovers\n|upkeep\n|turn|8\n|\n|t:|1788290008\n|switch|p1a: Rillaboom|Rillaboom, F|100/100\n|-fieldstart|move: Grassy Terrain|[from] ability: Grassy Surge|[of] p1a: Rillaboom\n|move|p2a: Serperior|Leaf Storm|p1a: Rillaboom\n|-resisted|p1a: Rillaboom\n|-damage|p1a: Rillaboom|20/100\n|-boost|p2a: Serperior|spa|2\n|\n|-heal|p2a: Serperior|24/100|[from] Grassy Terrain\n|-heal|p2a: Serperior|30/100|[from] item: Leftovers\n|-heal|p1a: Rillaboom|26/100|[from] Grassy Terrain\n|upkeep\n|turn|9\n|inactive|colorway182 has 120 seconds left.\n|\n|t:|1788290044\n|move|p1a: Rillaboom|Grassy Glide|p2a: Serperior\n|-resisted|p2a: Serperior\n|-damage|p2a: Serperior|0 fnt\n|faint|p2a: Serperior\n|-damage|p1a: Rillaboom|16/100|[from] item: Life Orb\n|\n|-heal|p1a: Rillaboom|22/100|[from] Grassy Terrain\n|upkeep\n|\n|t:|1788290052\n|switch|p2a: Enamorus|Enamorus, F|100/100\n|turn|10\n|inactive|colorway182 has 120 seconds left.\n|\n|t:|1788290068\n|move|p1a: Rillaboom|Grassy Glide|p2a: Enamorus\n|-resisted|p2a: Enamorus\n|-damage|p2a: Enamorus|57/100\n|-damage|p1a: Rillaboom|13/100|[from] item: Life Orb\n|move|p2a: Enamorus|Moonblast|p1a: Rillaboom\n|-damage|p1a: Rillaboom|0 fnt\n|faint|p1a: Rillaboom\n|\n|upkeep\n|\n|t:|1788290075\n|switch|p1a: Gholdengo|Gholdengo|100/100\n|turn|11\n|inactive|colorway182 has 120 seconds left.\n|\n|t:|1788290087\n|switch|p2a: Cinderace|Cinderace, M|76/100\n|-activate|p2a: Cinderace|move: Sticky Web\n|-unboost|p2a: Cinderace|spe|1\n|move|p1a: Gholdengo|Shadow Ball|p2a: Cinderace\n|-damage|p2a: Cinderace|13/100\n|\n|-heal|p2a: Cinderace|19/100|[from] Grassy Terrain\n|upkeep\n|turn|12\n|inactive|colorway182 has 120 seconds left.\n|\n|t:|1788290098\n|move|p1a: Gholdengo|Make It Rain|p2a: Cinderace\n|-resisted|p2a: Cinderace\n|-damage|p2a: Cinderace|0 fnt\n|-unboost|p1a: Gholdengo|spa|1\n|faint|p2a: Cinderace\n|\n|-fieldend|move: Grassy Terrain\n|upkeep\n|inactive|colorway182 has 120 seconds left.\n|\n|t:|1788290108\n|switch|p2a: Enamorus|Enamorus, F|57/100\n|turn|13\n|inactive|colorway182 has 120 seconds left.\n|\n|t:|1788290118\n|-terastallize|p2a: Enamorus|Fairy\n|move|p2a: Enamorus|Earth Power|p1a: Gholdengo\n|-supereffective|p1a: Gholdengo\n|-damage|p1a: Gholdengo|0 fnt\n|faint|p1a: Gholdengo\n|\n|upkeep\n|\n|t:|1788290126\n|switch|p1a: Moltres|Moltres|100/100\n|turn|14\n|inactive|colorway182 has 120 seconds left.\n|\n|t:|1788290141\n|switch|p2a: Araquanid|Araquanid, F|85/100\n|-activate|p2a: Araquanid|move: Sticky Web\n|-unboost|p2a: Araquanid|spe|1\n|switch|p1a: Ogerpon|Ogerpon-Wellspring, F|46/100\n|\n|upkeep\n|turn|15\n|\n|t:|1788290149\n|switch|p2a: Kingambit|Kingambit, F|100/100\n|-activate|p2a: Kingambit|move: Sticky Web\n|-unboost|p2a: Kingambit|spe|1\n|-ability|p2a: Kingambit|Defiant|boost\n|-boost|p2a: Kingambit|atk|2\n|move|p1a: Ogerpon|Power Whip|p2a: Kingambit\n|-resisted|p2a: Kingambit\n|-damage|p2a: Kingambit|75/100\n|\n|-heal|p2a: Kingambit|81/100|[from] item: Leftovers\n|upkeep\n|turn|16\n|\n|t:|1788290161\n|switch|p1a: Moltres|Moltres|100/100\n|move|p2a: Kingambit|Kowtow Cleave|p1a: Moltres\n|-damage|p1a: Moltres|35/100\n|\n|-heal|p2a: Kingambit|87/100|[from] item: Leftovers\n|upkeep\n|turn|17\n|\n|t:|1788290169\n|move|p1a: Moltres|Roost|p1a: Moltres\n|-heal|p1a: Moltres|85/100\n|-singleturn|p1a: Moltres|move: Roost\n|move|p2a: Kingambit|Kowtow Cleave|p1a: Moltres\n|-damage|p1a: Moltres|17/100\n|-status|p2a: Kingambit|brn|[from] ability: Flame Body|[of] p1a: Moltres\n|\n|-heal|p2a: Kingambit|94/100 brn|[from] item: Leftovers\n|-damage|p2a: Kingambit|87/100 brn|[from] brn\n|upkeep\n|turn|18\n|\n|t:|1788290173\n|move|p1a: Moltres|Roost|p1a: Moltres\n|-heal|p1a: Moltres|67/100\n|-singleturn|p1a: Moltres|move: Roost\n|move|p2a: Kingambit|Swords Dance|p2a: Kingambit\n|-boost|p2a: Kingambit|atk|2\n|\n|-heal|p2a: Kingambit|94/100 brn|[from] item: Leftovers\n|-damage|p2a: Kingambit|87/100 brn|[from] brn\n|upkeep\n|turn|19\n|\n|t:|1788290179\n|move|p1a: Moltres|Flamethrower|p2a: Kingambit\n|-supereffective|p2a: Kingambit\n|-damage|p2a: Kingambit|21/100 brn\n|move|p2a: Kingambit|Swords Dance|p2a: Kingambit\n|-boost|p2a: Kingambit|atk|2\n|\n|-heal|p2a: Kingambit|27/100 brn|[from] item: Leftovers\n|-damage|p2a: Kingambit|21/100 brn|[from] brn\n|upkeep\n|turn|20\n|\n|t:|1788290186\n|move|p2a: Kingambit|Sucker Punch||[still]\n|-fail|p2a: Kingambit\n|move|p1a: Moltres|Roar|p2a: Kingambit\n|drag|p2a: Empoleon|Empoleon, M|100/100\n|-activate|p2a: Empoleon|move: Sticky Web\n|-unboost|p2a: Empoleon|spe|1\n|-ability|p2a: Empoleon|Competitive|boost\n|-boost|p2a: Empoleon|spa|2\n|\n|upkeep\n|turn|21\n|\n|t:|1788290195\n|switch|p1a: Ogerpon|Ogerpon-Wellspring, F|46/100\n|move|p2a: Empoleon|Ice Beam|p1a: Ogerpon\n|-damage|p1a: Ogerpon|0 fnt\n|faint|p1a: Ogerpon\n|\n|upkeep\n|\n|t:|1788290203\n|switch|p1a: Great Tusk|Great Tusk|100/100\n|turn|22\n|\n|t:|1788290211\n|switch|p2a: Kingambit|Kingambit, F|21/100 brn\n|-activate|p2a: Kingambit|move: Sticky Web\n|-unboost|p2a: Kingambit|spe|1\n|-ability|p2a: Kingambit|Defiant|boost\n|-boost|p2a: Kingambit|atk|2\n|move|p1a: Great Tusk|Headlong Rush|p2a: Kingambit\n|-supereffective|p2a: Kingambit\n|-crit|p2a: Kingambit\n|-damage|p2a: Kingambit|0 fnt\n|-unboost|p1a: Great Tusk|def|1\n|-unboost|p1a: Great Tusk|spd|1\n|faint|p2a: Kingambit\n|\n|upkeep\n|\n|t:|1788290217\n|switch|p2a: Enamorus|Enamorus, F, tera:Fairy|57/100\n|-activate|p2a: Enamorus|move: Sticky Web\n|-boost|p2a: Enamorus|spe|1\n|turn|23\n|\n|t:|1788290231\n|-end|p1a: Great Tusk|Protosynthesis|[silent]\n|switch|p1a: Moltres|Moltres|67/100\n|move|p2a: Enamorus|Moonblast|p1a: Moltres\n|-resisted|p1a: Moltres\n|-damage|p1a: Moltres|6/100\n|\n|upkeep\n|turn|24\n|\n|t:|1788290235\n|move|p2a: Enamorus|Moonblast|p1a: Moltres\n|-resisted|p1a: Moltres\n|-crit|p1a: Moltres\n|-damage|p1a: Moltres|0 fnt\n|faint|p1a: Moltres\n|\n|upkeep\n|\n|t:|1788290237\n|switch|p1a: Iron Valiant|Iron Valiant|100/100\n|-enditem|p1a: Iron Valiant|Booster Energy\n|-activate|p1a: Iron Valiant|ability: Quark Drive|[fromitem]\n|-start|p1a: Iron Valiant|quarkdrivespe\n|turn|25\n|\n|t:|1788290246\n|switch|p2a: Araquanid|Araquanid, F|85/100\n|-activate|p2a: Araquanid|move: Sticky Web\n|-unboost|p2a: Araquanid|spe|1\n|move|p1a: Iron Valiant|Moonblast|p2a: Araquanid\n|-damage|p2a: Araquanid|50/100\n|-unboost|p2a: Araquanid|spa|1\n|\n|upkeep\n|turn|26\n|\n|t:|1788290257\n|move|p2a: Araquanid|Endure|p2a: Araquanid\n|-singleturn|p2a: Araquanid|move: Endure\n|move|p1a: Iron Valiant|Moonblast|p2a: Araquanid\n|-damage|p2a: Araquanid|10/100\n|\n|upkeep\n|turn|27\n|\n|t:|1788290262\n|move|p2a: Araquanid|Endure||[still]\n|-fail|p2a: Araquanid\n|move|p1a: Iron Valiant|Encore|p2a: Araquanid\n|-start|p2a: Araquanid|Encore\n|\n|upkeep\n|turn|28\n|\n|t:|1788290273\n|switch|p2a: Empoleon|Empoleon, M|100/100\n|-activate|p2a: Empoleon|move: Sticky Web\n|-unboost|p2a: Empoleon|spe|1\n|-ability|p2a: Empoleon|Competitive|boost\n|-boost|p2a: Empoleon|spa|2\n|move|p1a: Iron Valiant|Calm Mind|p1a: Iron Valiant\n|-boost|p1a: Iron Valiant|spa|1\n|-boost|p1a: Iron Valiant|spd|1\n|\n|upkeep\n|turn|29\n|\n|t:|1788290294\n|move|p1a: Iron Valiant|Shadow Ball|p2a: Empoleon\n|-damage|p2a: Empoleon|64/100\n|move|p2a: Empoleon|Flash Cannon|p1a: Iron Valiant\n|-supereffective|p1a: Iron Valiant\n|-damage|p1a: Iron Valiant|0 fnt\n|faint|p1a: Iron Valiant\n|-end|p1a: Iron Valiant|Quark Drive|[silent]\n|\n|-heal|p2a: Empoleon|71/100|[from] item: Leftovers\n|upkeep\n|\n|t:|1788290296\n|switch|p1a: Great Tusk|Great Tusk|100/100\n|turn|30\n|\n|t:|1788290308\n|move|p1a: Great Tusk|Headlong Rush|p2a: Empoleon\n|-supereffective|p2a: Empoleon\n|-damage|p2a: Empoleon|0 fnt\n|-unboost|p1a: Great Tusk|def|1\n|-unboost|p1a: Great Tusk|spd|1\n|faint|p2a: Empoleon\n|\n|upkeep\n|\n|t:|1788290311\n|switch|p2a: Enamorus|Enamorus, F, tera:Fairy|57/100\n|-activate|p2a: Enamorus|move: Sticky Web\n|-boost|p2a: Enamorus|spe|1\n|turn|31\n|\n|t:|1788290314\n|-terastallize|p1a: Great Tusk|Steel\n|move|p2a: Enamorus|Moonblast|p1a: Great Tusk\n|-resisted|p1a: Great Tusk\n|-damage|p1a: Great Tusk|0 fnt\n|faint|p1a: Great Tusk\n|-end|p1a: Great Tusk|Protosynthesis|[silent]\n|\n|win|colorway182\n|raw|wattinculo's rating: 1395 &rarr; <strong>1372</strong><br />(-23 for losing)\n|raw|colorway182's rating: 1337 &rarr; <strong>1360</strong><br />(+23 for winning)\n|l|\u2606wattinculo\n|player|p1|\n|c|\u2606colorway182|gg\n", "uploadtime": 1788290322, "views": "0", "formatid": "gen9ou", "rating": 1360, "private": 0, "password": null}