{"id": "gen9ou-2673911148", "format": "[Gen 9] OU", "players": ["BlueSheep's", "Jus4funsies"], "log": "|j|\u2606BlueSheep's\n|j|\u203dJus4funsies\n|t:|1788276150\n|gametype|singles\n|player|p1|BlueSheep's|170|1546\n|player|p2|Jus4funsies|teamrocket|1528\n|gen|9\n|tier|[Gen 9] OU\n|rated|\n|rule|HP Percentage Mod: HP is shown in percentages\n|rule|Endless Battle Clause: Forcing endless battles is banned\n|rule|Species Clause: Limit one of each Pok\u00e9mon\n|rule|OHKO Clause: OHKO moves are banned\n|rule|Evasion Items Clause: Evasion items are banned\n|rule|Evasion Moves Clause: Evasion moves are banned\n|rule|Evasion Abilities Clause: Evasion abilities are banned\n|rule|Sleep Moves Clause: Sleep-inducing moves are banned\n|clearpoke\n|poke|p1|Cinderace, F|\n|poke|p1|Primarina, M|\n|poke|p1|Dragapult, F|\n|poke|p1|Gholdengo|\n|poke|p1|Weezing-Galar, F|\n|poke|p1|Zamazenta-*|\n|poke|p2|Samurott-Hisui, F|\n|poke|p2|Gholdengo|\n|poke|p2|Great Tusk|\n|poke|p2|Raging Bolt|\n|poke|p2|Dragonite, F|\n|poke|p2|Kingambit, M|\n|teampreview\n|\n|t:|1788276181\n|teamsize|p1|6\n|teamsize|p2|6\n|start\n|switch|p1a: Cinderace|Cinderace, F|100/100\n|switch|p2a: Samurott|Samurott-Hisui, F|100/100\n|turn|1\n|\n|t:|1788276185\n|move|p1a: Cinderace|U-turn|p2a: Samurott\n|-start|p1a: Cinderace|typechange|Bug|[from] ability: Libero\n|-supereffective|p2a: Samurott\n|-enditem|p2a: Samurott|Focus Sash\n|-damage|p2a: Samurott|1/100\n|\n|t:|1788276192\n|switch|p1a: Weezing|Weezing-Galar, F|100/100|[from] U-turn\n|move|p2a: Samurott|Ceaseless Edge|p1a: Weezing\n|-resisted|p1a: Weezing\n|-damage|p1a: Weezing|86/100\n|-sidestart|p1: BlueSheep's|Spikes\n|\n|upkeep\n|turn|2\n|\n|t:|1788276201\n|move|p2a: Samurott|Taunt|p1a: Weezing\n|-start|p1a: Weezing|move: Taunt\n|move|p1a: Weezing|Strange Steam|p2a: Samurott\n|-supereffective|p2a: Samurott\n|-damage|p2a: Samurott|0 fnt\n|faint|p2a: Samurott\n|\n|upkeep\n|j| Dennis1338\n|\n|t:|1788276206\n|switch|p2a: Gholdengo|Gholdengo|100/100\n|-item|p2a: Gholdengo|Air Balloon\n|turn|3\n|\n|t:|1788276218\n|switch|p1a: Primarina|Primarina, M|100/100\n|-damage|p1a: Primarina|88/100|[from] Spikes\n|move|p2a: Gholdengo|Make It Rain|p1a: Primarina\n|-damage|p1a: Primarina|53/100\n|-unboost|p2a: Gholdengo|spa|1\n|\n|upkeep\n|turn|4\n|j| Iacunosa\n|j| Slashutu\n|\n|t:|1788276231\n|switch|p2a: Raging Bolt|Raging Bolt|100/100\n|-enditem|p2a: Raging Bolt|Booster Energy\n|-activate|p2a: Raging Bolt|ability: Protosynthesis|[fromitem]\n|-start|p2a: Raging Bolt|protosynthesisspa\n|move|p1a: Primarina|Surf|p2a: Raging Bolt\n|-resisted|p2a: Raging Bolt\n|-damage|p2a: Raging Bolt|78/100\n|\n|upkeep\n|turn|5\n|\n|t:|1788276248\n|-terastallize|p1a: Primarina|Steel\n|move|p2a: Raging Bolt|Thunderbolt|p1a: Primarina\n|-damage|p1a: Primarina|12/100\n|move|p1a: Primarina|Draining Kiss|p2a: Raging Bolt\n|-supereffective|p2a: Raging Bolt\n|-damage|p2a: Raging Bolt|22/100\n|-heal|p1a: Primarina|57/100|[from] drain|[of] p2a: Raging Bolt\n|\n|upkeep\n|turn|6\n|c| Iacunosa|I don't remember Team Rockets team lookin like that\n|\n|t:|1788276260\n|move|p2a: Raging Bolt|Thunderbolt|p1a: Primarina\n|-damage|p1a: Primarina|22/100\n|move|p1a: Primarina|Draining Kiss|p2a: Raging Bolt\n|-supereffective|p2a: Raging Bolt\n|-damage|p2a: Raging Bolt|0 fnt\n|-heal|p1a: Primarina|40/100|[from] drain|[of] p2a: Raging Bolt\n|faint|p2a: Raging Bolt\n|-end|p2a: Raging Bolt|Protosynthesis|[silent]\n|\n|upkeep\n|\n|t:|1788276263\n|switch|p2a: Great Tusk|Great Tusk|100/100\n|turn|7\n|\n|t:|1788276271\n|switch|p1a: Weezing|Weezing-Galar, F|86/100\n|move|p2a: Great Tusk|Stealth Rock|p1a: Weezing\n|-sidestart|p1: BlueSheep's|move: Stealth Rock\n|\n|upkeep\n|turn|8\n|\n|t:|1788276276\n|move|p2a: Great Tusk|Headlong Rush|p1a: Weezing\n|-immune|p1a: Weezing|[from] ability: Levitate\n|move|p1a: Weezing|Defog|p2a: Great Tusk\n|-unboost|p2a: Great Tusk|evasion|1\n|-sideend|p1: BlueSheep's|Spikes|[from] move: Defog|[of] p1a: Weezing\n|-sideend|p1: BlueSheep's|Stealth Rock|[from] move: Defog|[of] p1a: Weezing\n|\n|upkeep\n|turn|9\n|-message|Jus4funsies forfeited.\n|\n|win|BlueSheep's\n|raw|BlueSheep&apos;s's rating: 1546 &rarr; <strong>1565</strong><br />(+19 for winning)\n|raw|Jus4funsies's rating: 1528 &rarr; <strong>1509</strong><br />(-19 for losing)\n|l|\u203dJus4funsies\n|player|p2|\n|l| Slashutu\n|l|\u2606BlueSheep's\n|player|p1|\n|l| Dennis1338\n", "uploadtime": 1788276505, "views": "1", "formatid": "gen9ou", "rating": 1509, "private": 0, "password": null}