{"id": "gen9ou-2673912337", "format": "[Gen 9] OU", "players": ["BlueSheep's", "go b3yond"], "log": "|j|\u2606BlueSheep's\n|j|\u2606go b3yond\n|t:|1788276294\n|gametype|singles\n|player|p1|BlueSheep's|170|1565\n|player|p2|go b3yond|waiter-gen4|1576\n|gen|9\n|tier|[Gen 9] OU\n|rated|\n|rule|HP Percentage Mod: HP is shown in percentages\n|rule|Endless Battle Clause: Forcing endless battles is banned\n|rule|Species Clause: Limit one of each Pok\u00e9mon\n|rule|OHKO Clause: OHKO moves are banned\n|rule|Evasion Items Clause: Evasion items are banned\n|rule|Evasion Moves Clause: Evasion moves are banned\n|rule|Evasion Abilities Clause: Evasion abilities are banned\n|rule|Sleep Moves Clause: Sleep-inducing moves are banned\n|clearpoke\n|poke|p1|Cinderace, M|\n|poke|p1|Primarina, M|\n|poke|p1|Dragapult, F|\n|poke|p1|Gholdengo|\n|poke|p1|Weezing-Galar, M|\n|poke|p1|Zamazenta-*|\n|poke|p2|Vikavolt, M|\n|poke|p2|Iron Valiant|\n|poke|p2|Heatran, M|\n|poke|p2|Meowscarada, F|\n|poke|p2|Great Tusk|\n|poke|p2|Kingambit, M|\n|teampreview\n|inactive|Battle timer is ON: inactive players will automatically lose when time's up. (requested by go b3yond)\n|\n|t:|1788276310\n|teamsize|p1|6\n|teamsize|p2|6\n|start\n|switch|p1a: Cinderace|Cinderace, M|100/100\n|switch|p2a: Kiruma|Vikavolt, M, shiny|100/100\n|turn|1\n|\n|t:|1788276320\n|switch|p2a: Inspector Tsukumo|Heatran, M, shiny|100/100\n|move|p1a: Cinderace|High Jump Kick|p2a: Inspector Tsukumo\n|-start|p1a: Cinderace|typechange|Fighting|[from] ability: Libero\n|-supereffective|p2a: Inspector Tsukumo\n|-damage|p2a: Inspector Tsukumo|0 fnt\n|faint|p2a: Inspector Tsukumo\n|\n|upkeep\n|\n|t:|1788276326\n|switch|p2a: Duke Long|Great Tusk, shiny|100/100\n|turn|2\n|\n|t:|1788276330\n|switch|p1a: Weezing|Weezing-Galar, M|100/100\n|move|p2a: Duke Long|Headlong Rush|p1a: Weezing\n|-immune|p1a: Weezing|[from] ability: Levitate\n|\n|upkeep\n|turn|3\n|\n|t:|1788276349\n|-end|p2a: Duke Long|Protosynthesis|[silent]\n|switch|p2a: Kiruma|Vikavolt, M, shiny|100/100\n|move|p1a: Weezing|Will-O-Wisp|p2a: Kiruma\n|-status|p2a: Kiruma|brn\n|\n|-damage|p2a: Kiruma|94/100 brn|[from] brn\n|upkeep\n|turn|4\n|\n|t:|1788276356\n|switch|p1a: Cinderace|Cinderace, M|100/100\n|move|p2a: Kiruma|Thunderbolt|p1a: Cinderace\n|-damage|p1a: Cinderace|0 fnt\n|faint|p1a: Cinderace\n|\n|-damage|p2a: Kiruma|88/100 brn|[from] brn\n|upkeep\n|\n|t:|1788276366\n|switch|p1a: Dragapult|Dragapult, F|100/100\n|turn|5\n|\n|t:|1788276369\n|move|p1a: Dragapult|Dragon Darts|p2a: Kiruma\n|-damage|p2a: Kiruma|49/100 brn\n|-anim|p1a: Dragapult|Dragon Darts|p2a: Kiruma\n|-damage|p2a: Kiruma|11/100 brn\n|-damage|p1a: Dragapult|91/100|[from] item: Life Orb\n|move|p2a: Kiruma|Thunderbolt|p1a: Dragapult\n|-resisted|p1a: Dragapult\n|-damage|p1a: Dragapult|32/100\n|\n|-damage|p2a: Kiruma|5/100 brn|[from] brn\n|upkeep\n|turn|6\n|\n|t:|1788276380\n|move|p1a: Dragapult|Dragon Darts|p2a: Kiruma\n|-damage|p2a: Kiruma|0 fnt\n|faint|p2a: Kiruma\n|-damage|p1a: Dragapult|23/100|[from] item: Life Orb\n|\n|upkeep\n|\n|t:|1788276386\n|switch|p2a: L|Kingambit, M, shiny|100/100\n|-activate|p2a: L|ability: Supreme Overlord\n|-start|p2a: L|fallen2|[silent]\n|-item|p2a: L|Air Balloon\n|turn|7\n|\n|t:|1788276391\n|move|p1a: Dragapult|Will-O-Wisp|p2a: L\n|-status|p2a: L|brn\n|move|p2a: L|Kowtow Cleave|p1a: Dragapult\n|-supereffective|p1a: Dragapult\n|-damage|p1a: Dragapult|0 fnt\n|faint|p1a: Dragapult\n|\n|-damage|p2a: L|94/100 brn|[from] brn\n|upkeep\n|\n|t:|1788276404\n|switch|p1a: Zamazenta|Zamazenta, shiny|100/100\n|-ability|p1a: Zamazenta|Dauntless Shield|boost\n|-boost|p1a: Zamazenta|def|1\n|turn|8\n|\n|t:|1788276410\n|-end|p2a: L|fallen2|[silent]\n|switch|p2a: Rum|Iron Valiant, shiny|100/100\n|-enditem|p2a: Rum|Booster Energy\n|-activate|p2a: Rum|ability: Quark Drive|[fromitem]\n|-start|p2a: Rum|quarkdrivespe\n|move|p1a: Zamazenta|Close Combat|p2a: Rum\n|-resisted|p2a: Rum\n|-damage|p2a: Rum|50/100\n|-unboost|p1a: Zamazenta|def|1\n|-unboost|p1a: Zamazenta|spd|1\n|-damage|p1a: Zamazenta|91/100|[from] item: Life Orb\n|\n|upkeep\n|turn|9\n|\n|t:|1788276423\n|switch|p1a: Primarina|Primarina, M|100/100\n|move|p2a: Rum|Knock Off|p1a: Primarina\n|-resisted|p1a: Primarina\n|-damage|p1a: Primarina|85/100\n|-enditem|p1a: Primarina|Assault Vest|[from] move: Knock Off|[of] p2a: Rum\n|\n|upkeep\n|turn|10\n|\n|t:|1788276432\n|move|p2a: Rum|Moonblast|p1a: Primarina\n|-damage|p1a: Primarina|47/100\n|move|p1a: Primarina|Draining Kiss|p2a: Rum\n|-supereffective|p2a: Rum\n|-damage|p2a: Rum|0 fnt\n|-heal|p1a: Primarina|77/100|[from] drain|[of] p2a: Rum\n|faint|p2a: Rum\n|-end|p2a: Rum|Quark Drive|[silent]\n|\n|upkeep\n|\n|t:|1788276437\n|switch|p2a: Funny Valentine|Meowscarada, F, shiny|100/100\n|turn|11\n|\n|t:|1788276442\n|switch|p1a: Weezing|Weezing-Galar, M|100/100\n|move|p2a: Funny Valentine|U-turn|p1a: Weezing\n|-start|p2a: Funny Valentine|typechange|Bug|[from] ability: Protean\n|-resisted|p1a: Weezing\n|-damage|p1a: Weezing|96/100\n|\n|t:|1788276445\n|switch|p2a: L|Kingambit, M, shiny|94/100 brn|[from] U-turn\n|-activate|p2a: L|ability: Supreme Overlord\n|-start|p2a: L|fallen3|[silent]\n|-item|p2a: L|Air Balloon\n|\n|-damage|p2a: L|88/100 brn|[from] brn\n|upkeep\n|turn|12\n|\n|t:|1788276456\n|switch|p1a: Zamazenta|Zamazenta, shiny|91/100\n|move|p2a: L|Swords Dance|p2a: L\n|-boost|p2a: L|atk|2\n|\n|-damage|p2a: L|82/100 brn|[from] brn\n|upkeep\n|turn|13\n|\n|t:|1788276465\n|-terastallize|p2a: L|Ghost\n|move|p1a: Zamazenta|Close Combat|p2a: L\n|-immune|p2a: L\n|move|p2a: L|Swords Dance|p2a: L\n|-boost|p2a: L|atk|2\n|\n|-damage|p2a: L|76/100 brn|[from] brn\n|upkeep\n|turn|14\n|\n|t:|1788276474\n|move|p1a: Zamazenta|Crunch|p2a: L\n|-supereffective|p2a: L\n|-damage|p2a: L|20/100 brn\n|-unboost|p2a: L|def|1\n|-enditem|p2a: L|Air Balloon\n|-damage|p1a: Zamazenta|81/100|[from] item: Life Orb\n|move|p2a: L|Iron Head|p1a: Zamazenta\n|-crit|p1a: Zamazenta\n|-damage|p1a: Zamazenta|0 fnt\n|faint|p1a: Zamazenta\n|\n|-damage|p2a: L|14/100 brn|[from] brn\n|upkeep\n|\n|t:|1788276490\n|switch|p1a: Weezing|Weezing-Galar, M|96/100\n|turn|15\n|\n|t:|1788276513\n|switch|p1a: Gholdengo|Gholdengo|100/100\n|move|p2a: L|Iron Head|p1a: Gholdengo\n|-resisted|p1a: Gholdengo\n|-damage|p1a: Gholdengo|59/100\n|\n|-heal|p1a: Gholdengo|65/100|[from] item: Leftovers\n|-damage|p2a: L|8/100 brn|[from] brn\n|upkeep\n|turn|16\n|\n|t:|1788276523\n|move|p1a: Gholdengo|Shadow Ball|p2a: L\n|-supereffective|p2a: L\n|-damage|p2a: L|0 fnt\n|faint|p2a: L\n|-end|p2a: L|fallen3|[silent]\n|\n|-heal|p1a: Gholdengo|71/100|[from] item: Leftovers\n|upkeep\n|\n|t:|1788276527\n|switch|p2a: Funny Valentine|Meowscarada, F, shiny|100/100\n|turn|17\n|\n|t:|1788276536\n|-terastallize|p1a: Gholdengo|Flying\n|move|p2a: Funny Valentine|Knock Off|p1a: Gholdengo\n|-start|p2a: Funny Valentine|typechange|Dark|[from] ability: Protean\n|-damage|p1a: Gholdengo|26/100\n|-enditem|p1a: Gholdengo|Leftovers|[from] move: Knock Off|[of] p2a: Funny Valentine\n|move|p1a: Gholdengo|Recover|p1a: Gholdengo\n|-heal|p1a: Gholdengo|76/100\n|\n|upkeep\n|turn|18\n|\n|t:|1788276546\n|move|p2a: Funny Valentine|Triple Axel|p1a: Gholdengo\n|-supereffective|p1a: Gholdengo\n|-damage|p1a: Gholdengo|64/100\n|-supereffective|p1a: Gholdengo\n|-damage|p1a: Gholdengo|39/100\n|-supereffective|p1a: Gholdengo\n|-damage|p1a: Gholdengo|3/100\n|-hitcount|p1a: Gholdengo|3\n|move|p1a: Gholdengo|Nasty Plot|p1a: Gholdengo\n|-boost|p1a: Gholdengo|spa|2\n|\n|upkeep\n|turn|19\n|\n|t:|1788276556\n|move|p2a: Funny Valentine|U-turn|p1a: Gholdengo\n|-resisted|p1a: Gholdengo\n|-damage|p1a: Gholdengo|0 fnt\n|faint|p1a: Gholdengo\n|\n|t:|1788276558\n|switch|p2a: Duke Long|Great Tusk, shiny|100/100|[from] U-turn\n|\n|upkeep\n|\n|t:|1788276564\n|switch|p1a: Primarina|Primarina, M|77/100\n|turn|20\n|\n|t:|1788276567\n|move|p2a: Duke Long|Headlong Rush|p1a: Primarina\n|-damage|p1a: Primarina|0 fnt\n|-unboost|p2a: Duke Long|def|1\n|-unboost|p2a: Duke Long|spd|1\n|faint|p1a: Primarina\n|\n|upkeep\n|\n|t:|1788276572\n|switch|p1a: Weezing|Weezing-Galar, M|96/100\n|turn|21\n|\n|t:|1788276580\n|move|p2a: Duke Long|Stone Edge|p1a: Weezing|[miss]\n|-miss|p2a: Duke Long|p1a: Weezing\n|move|p1a: Weezing|Strange Steam|p2a: Duke Long\n|-supereffective|p2a: Duke Long\n|-damage|p2a: Duke Long|0 fnt\n|faint|p2a: Duke Long\n|-end|p2a: Duke Long|Protosynthesis|[silent]\n|\n|upkeep\n|\n|t:|1788276582\n|switch|p2a: Funny Valentine|Meowscarada, F, shiny|100/100\n|turn|22\n|\n|t:|1788276589\n|move|p2a: Funny Valentine|Triple Axel|p1a: Weezing\n|-start|p2a: Funny Valentine|typechange|Ice|[from] ability: Protean\n|-damage|p1a: Weezing|89/100\n|-hitcount|p1a: Weezing|1\n|move|p1a: Weezing|Will-O-Wisp|p2a: Funny Valentine\n|-status|p2a: Funny Valentine|brn\n|\n|-damage|p2a: Funny Valentine|94/100 brn|[from] brn\n|upkeep\n|turn|23\n|-message|go b3yond forfeited.\n|\n|win|BlueSheep's\n|raw|BlueSheep&apos;s's rating: 1565 &rarr; <strong>1586</strong><br />(+21 for winning)\n|raw|go b3yond's rating: 1576 &rarr; <strong>1555</strong><br />(-21 for losing)\n|l|\u2606go b3yond\n|player|p2|\n|l|\u2606BlueSheep's\n|player|p1|\n", "uploadtime": 1788276777, "views": "1", "formatid": "gen9ou", "rating": 1555, "private": 0, "password": null}