{"id": "gen9ou-2673978596", "format": "[Gen 9] OU", "players": ["moodrandom", "kangarooteam1"], "log": "|j|\u2606moodrandom\n|j|\u2606kangarooteam1\n|t:|1788284180\n|gametype|singles\n|player|p1|moodrandom|thorton|1568\n|player|p2|kangarooteam1|1|1565\n|gen|9\n|tier|[Gen 9] OU\n|rated|\n|rule|HP Percentage Mod: HP is shown in percentages\n|rule|Endless Battle Clause: Forcing endless battles is banned\n|rule|Species Clause: Limit one of each Pok\u00e9mon\n|rule|OHKO Clause: OHKO moves are banned\n|rule|Evasion Items Clause: Evasion items are banned\n|rule|Evasion Moves Clause: Evasion moves are banned\n|rule|Evasion Abilities Clause: Evasion abilities are banned\n|rule|Sleep Moves Clause: Sleep-inducing moves are banned\n|clearpoke\n|poke|p1|Houndstone, M|\n|poke|p1|Tyranitar, F|\n|poke|p1|Excadrill, M|\n|poke|p1|Toxapex, M|\n|poke|p1|Latios, M|\n|poke|p1|Zamazenta-*|\n|poke|p2|Great Tusk|\n|poke|p2|Gholdengo|\n|poke|p2|Raging Bolt|\n|poke|p2|Iron Valiant|\n|poke|p2|Ogerpon-Wellspring, F|\n|poke|p2|Kingambit, F|\n|teampreview\n|inactive|Battle timer is ON: inactive players will automatically lose when time's up. (requested by kangarooteam1)\n|\n|t:|1788284195\n|teamsize|p1|6\n|teamsize|p2|6\n|start\n|switch|p1a: Tyranitar|Tyranitar, F|100/100\n|switch|p2a: Great Tusk|Great Tusk|100/100\n|-weather|Sandstorm|[from] ability: Sand Stream|[of] p1a: Tyranitar\n|turn|1\n|\n|t:|1788284198\n|switch|p1a: Latios|Latios, M|100/100\n|move|p2a: Great Tusk|Earthquake|p1a: Latios\n|-immune|p1a: Latios|[from] ability: Levitate\n|\n|-weather|Sandstorm|[upkeep]\n|-damage|p1a: Latios|95/100|[from] Sandstorm\n|upkeep\n|turn|2\n|\n|t:|1788284203\n|-terastallize|p2a: Great Tusk|Steel\n|move|p1a: Latios|Future Sight|p2a: Great Tusk\n|-start|p1a: Latios|move: Future Sight\n|move|p2a: Great Tusk|Knock Off|p1a: Latios\n|-supereffective|p1a: Latios\n|-damage|p1a: Latios|13/100\n|-enditem|p1a: Latios|Soul Dew|[from] move: Knock Off|[of] p2a: Great Tusk\n|\n|-weather|Sandstorm|[upkeep]\n|-damage|p1a: Latios|7/100|[from] Sandstorm\n|upkeep\n|turn|3\n|\n|t:|1788284210\n|move|p1a: Latios|Flip Turn|p2a: Great Tusk\n|-damage|p2a: Great Tusk|94/100\n|\n|t:|1788284211\n|switch|p1a: Zamazenta|Zamazenta|100/100|[from] Flip Turn\n|-ability|p1a: Zamazenta|Dauntless Shield|boost\n|-boost|p1a: Zamazenta|def|1\n|move|p2a: Great Tusk|Stealth Rock|p1a: Zamazenta\n|-sidestart|p1: moodrandom|move: Stealth Rock\n|\n|-weather|Sandstorm|[upkeep]\n|-damage|p1a: Zamazenta|94/100|[from] Sandstorm\n|-heal|p2a: Great Tusk|100/100|[from] item: Leftovers\n|upkeep\n|turn|4\n|\n|t:|1788284216\n|-end|p2a: Great Tusk|Protosynthesis|[silent]\n|switch|p2a: Gholdengo|Gholdengo|100/100\n|-item|p2a: Gholdengo|Air Balloon\n|move|p1a: Zamazenta|Close Combat|p2a: Gholdengo\n|-immune|p2a: Gholdengo\n|\n|-weather|Sandstorm|[upkeep]\n|-damage|p1a: Zamazenta|88/100|[from] Sandstorm\n|-end|p2a: Gholdengo|move: Future Sight\n|-resisted|p2a: Gholdengo\n|-damage|p2a: Gholdengo|62/100\n|-enditem|p2a: Gholdengo|Air Balloon\n|upkeep\n|turn|5\n|\n|t:|1788284220\n|switch|p2a: Raging Bolt|Raging Bolt|100/100\n|move|p1a: Zamazenta|Crunch|p2a: Raging Bolt\n|-damage|p2a: Raging Bolt|79/100\n|\n|-weather|Sandstorm|[upkeep]\n|-damage|p1a: Zamazenta|82/100|[from] Sandstorm\n|-damage|p2a: Raging Bolt|73/100|[from] Sandstorm\n|-heal|p2a: Raging Bolt|79/100|[from] item: Leftovers\n|upkeep\n|turn|6\n|\n|t:|1788284228\n|switch|p1a: Excadrill|Excadrill, M|100/100\n|-damage|p1a: Excadrill|97/100|[from] Stealth Rock\n|-item|p1a: Excadrill|Air Balloon\n|move|p2a: Raging Bolt|Dragon Pulse|p1a: Excadrill\n|-resisted|p1a: Excadrill\n|-damage|p1a: Excadrill|61/100\n|-enditem|p1a: Excadrill|Air Balloon\n|\n|-weather|Sandstorm|[upkeep]\n|-damage|p2a: Raging Bolt|73/100|[from] Sandstorm\n|-heal|p2a: Raging Bolt|79/100|[from] item: Leftovers\n|upkeep\n|turn|7\n|\n|t:|1788284232\n|-end|p2a: Raging Bolt|Protosynthesis|[silent]\n|switch|p2a: Ogerpon|Ogerpon-Wellspring, F|100/100\n|move|p1a: Excadrill|Earthquake|p2a: Ogerpon\n|-resisted|p2a: Ogerpon\n|-damage|p2a: Ogerpon|65/100\n|\n|-weather|Sandstorm|[upkeep]\n|-damage|p2a: Ogerpon|59/100|[from] Sandstorm\n|upkeep\n|turn|8\n|\n|t:|1788284236\n|switch|p1a: Toxapex|Toxapex, M|100/100\n|-damage|p1a: Toxapex|88/100|[from] Stealth Rock\n|move|p2a: Ogerpon|Horn Leech|p1a: Toxapex\n|-damage|p1a: Toxapex|54/100\n|-heal|p2a: Ogerpon|76/100|[from] drain|[of] p1a: Toxapex\n|-enditem|p1a: Toxapex|Eject Button\n|\n|t:|1788284256\n|switch|p1a: Zamazenta|Zamazenta|82/100\n|-damage|p1a: Zamazenta|76/100|[from] Stealth Rock\n|\n|-weather|none\n|upkeep\n|turn|9\n|\n|t:|1788284259\n|switch|p2a: Gholdengo|Gholdengo|62/100\n|move|p1a: Zamazenta|Close Combat|p2a: Gholdengo\n|-immune|p2a: Gholdengo\n|\n|upkeep\n|turn|10\n|\n|t:|1788284261\n|switch|p2a: Iron Valiant|Iron Valiant|100/100\n|-enditem|p2a: Iron Valiant|Booster Energy\n|-activate|p2a: Iron Valiant|ability: Quark Drive|[fromitem]\n|-start|p2a: Iron Valiant|quarkdrivespe\n|move|p1a: Zamazenta|Crunch|p2a: Iron Valiant\n|-resisted|p2a: Iron Valiant\n|-damage|p2a: Iron Valiant|92/100\n|\n|upkeep\n|turn|11\n|\n|t:|1788284263\n|switch|p1a: Toxapex|Toxapex, M|88/100\n|-damage|p1a: Toxapex|75/100|[from] Stealth Rock\n|move|p2a: Iron Valiant|Moonblast|p1a: Toxapex\n|-resisted|p1a: Toxapex\n|-damage|p1a: Toxapex|60/100\n|\n|upkeep\n|turn|12\n|\n|t:|1788284267\n|move|p2a: Iron Valiant|Thunderbolt|p1a: Toxapex\n|-supereffective|p1a: Toxapex\n|-damage|p1a: Toxapex|21/100\n|move|p1a: Toxapex|Toxic|p2a: Iron Valiant\n|-status|p2a: Iron Valiant|tox\n|\n|-damage|p2a: Iron Valiant|85/100 tox|[from] psn\n|upkeep\n|turn|13\n|\n|t:|1788284271\n|move|p2a: Iron Valiant|Thunderbolt|p1a: Toxapex\n|-supereffective|p1a: Toxapex\n|-damage|p1a: Toxapex|0 fnt\n|faint|p1a: Toxapex\n|\n|-damage|p2a: Iron Valiant|73/100 tox|[from] psn\n|upkeep\n|\n|t:|1788284281\n|switch|p1a: Tyranitar|Tyranitar, F|100/100\n|-damage|p1a: Tyranitar|88/100|[from] Stealth Rock\n|-weather|Sandstorm|[from] ability: Sand Stream|[of] p1a: Tyranitar\n|turn|14\n|\n|t:|1788284286\n|switch|p1a: Latios|Latios, M|7/100\n|-damage|p1a: Latios|0 fnt|[from] Stealth Rock\n|faint|p1a: Latios\n|move|p2a: Iron Valiant|Close Combat|p1: Latios|[notarget]\n|-fail|p2a: Iron Valiant\n|\n|-weather|Sandstorm|[upkeep]\n|-damage|p2a: Iron Valiant|67/100 tox|[from] Sandstorm\n|-damage|p2a: Iron Valiant|48/100 tox|[from] psn\n|upkeep\n|\n|t:|1788284291\n|switch|p1a: Excadrill|Excadrill, M|61/100\n|-damage|p1a: Excadrill|58/100|[from] Stealth Rock\n|turn|15\n|\n|t:|1788284294\n|move|p1a: Excadrill|Earthquake|p2a: Iron Valiant\n|-damage|p2a: Iron Valiant|0 fnt\n|faint|p2a: Iron Valiant\n|-end|p2a: Iron Valiant|Quark Drive|[silent]\n|\n|-weather|Sandstorm|[upkeep]\n|upkeep\n|\n|t:|1788284295\n|switch|p2a: Ogerpon|Ogerpon-Wellspring, F|76/100\n|turn|16\n|\n|t:|1788284302\n|switch|p1a: Houndstone|Houndstone, M|100/100\n|-damage|p1a: Houndstone|88/100|[from] Stealth Rock\n|move|p2a: Ogerpon|Horn Leech|p1a: Houndstone\n|-damage|p1a: Houndstone|37/100\n|-heal|p2a: Ogerpon|99/100|[from] drain|[of] p1a: Houndstone\n|\n|-weather|Sandstorm|[upkeep]\n|-damage|p2a: Ogerpon|94/100|[from] Sandstorm\n|upkeep\n|turn|17\n|\n|t:|1788284310\n|switch|p2a: Gholdengo|Gholdengo|62/100\n|move|p1a: Houndstone|Play Rough|p2a: Gholdengo\n|-resisted|p2a: Gholdengo\n|-damage|p2a: Gholdengo|37/100\n|\n|-weather|Sandstorm|[upkeep]\n|upkeep\n|turn|18\n|\n|t:|1788284316\n|-terastallize|p1a: Houndstone|Fairy\n|move|p1a: Houndstone|Play Rough|p2a: Gholdengo\n|-resisted|p2a: Gholdengo\n|-damage|p2a: Gholdengo|0 fnt\n|faint|p2a: Gholdengo\n|\n|-weather|Sandstorm|[upkeep]\n|upkeep\n|\n|t:|1788284318\n|switch|p2a: Great Tusk|Great Tusk, tera:Steel|100/100\n|turn|19\n|\n|t:|1788284332\n|move|p1a: Houndstone|Play Rough|p2a: Great Tusk\n|-resisted|p2a: Great Tusk\n|-damage|p2a: Great Tusk|84/100\n|-unboost|p2a: Great Tusk|atk|1\n|move|p2a: Great Tusk|Earthquake|p1a: Houndstone\n|-damage|p1a: Houndstone|4/100\n|\n|-weather|Sandstorm|[upkeep]\n|-heal|p2a: Great Tusk|90/100|[from] item: Leftovers\n|upkeep\n|turn|20\n|\n|t:|1788284334\n|move|p1a: Houndstone|Play Rough|p2a: Great Tusk\n|-resisted|p2a: Great Tusk\n|-damage|p2a: Great Tusk|72/100\n|move|p2a: Great Tusk|Rapid Spin|p1a: Houndstone\n|-damage|p1a: Houndstone|0 fnt\n|-boost|p2a: Great Tusk|spe|1\n|faint|p1a: Houndstone\n|\n|-weather|Sandstorm|[upkeep]\n|-heal|p2a: Great Tusk|79/100|[from] item: Leftovers\n|upkeep\n|\n|t:|1788284338\n|switch|p1a: Zamazenta|Zamazenta|76/100\n|-damage|p1a: Zamazenta|70/100|[from] Stealth Rock\n|turn|21\n|\n|t:|1788284339\n|move|p1a: Zamazenta|Close Combat|p2a: Great Tusk\n|-supereffective|p2a: Great Tusk\n|-damage|p2a: Great Tusk|8/100\n|-unboost|p1a: Zamazenta|def|1\n|-unboost|p1a: Zamazenta|spd|1\n|move|p2a: Great Tusk|Earthquake|p1a: Zamazenta\n|-damage|p1a: Zamazenta|26/100\n|\n|-weather|none\n|-heal|p2a: Great Tusk|15/100|[from] item: Leftovers\n|upkeep\n|turn|22\n|\n|t:|1788284344\n|move|p1a: Zamazenta|Crunch|p2a: Great Tusk\n|-damage|p2a: Great Tusk|0 fnt\n|faint|p2a: Great Tusk\n|-end|p2a: Great Tusk|Protosynthesis|[silent]\n|\n|upkeep\n|\n|t:|1788284345\n|switch|p2a: Ogerpon|Ogerpon-Wellspring, F|94/100\n|turn|23\n|\n|t:|1788284349\n|move|p1a: Zamazenta|Close Combat|p2a: Ogerpon\n|-damage|p2a: Ogerpon|21/100\n|-unboost|p1a: Zamazenta|def|1\n|-unboost|p1a: Zamazenta|spd|1\n|move|p2a: Ogerpon|Horn Leech|p1a: Zamazenta\n|-damage|p1a: Zamazenta|0 fnt\n|-heal|p2a: Ogerpon|35/100|[from] drain|[of] p1a: Zamazenta\n|faint|p1a: Zamazenta\n|\n|upkeep\n|-message|moodrandom forfeited.\n|\n|win|kangarooteam1\n|raw|moodrandom's rating: 1568 &rarr; <strong>1548</strong><br />(-20 for losing)\n|raw|kangarooteam1's rating: 1565 &rarr; <strong>1585</strong><br />(+20 for winning)\n|l|\u2606moodrandom\n|player|p1|\n", "uploadtime": 1788284358, "views": "0", "formatid": "gen9ou", "rating": 1548, "private": 0, "password": null}