{"id": "gen9ou-2673939929", "format": "[Gen 9] OU", "players": ["d3grad3 m3", "brodiewhat"], "log": "|j|\u2606d3grad3 m3\n|j|\u2606brodiewhat\n|t:|1788279638\n|gametype|singles\n|player|p1|d3grad3 m3|swimmerf|1429\n|player|p2|brodiewhat|palmer|1417\n|gen|9\n|tier|[Gen 9] OU\n|rated|\n|rule|HP Percentage Mod: HP is shown in percentages\n|rule|Endless Battle Clause: Forcing endless battles is banned\n|rule|Species Clause: Limit one of each Pok\u00e9mon\n|rule|OHKO Clause: OHKO moves are banned\n|rule|Evasion Items Clause: Evasion items are banned\n|rule|Evasion Moves Clause: Evasion moves are banned\n|rule|Evasion Abilities Clause: Evasion abilities are banned\n|rule|Sleep Moves Clause: Sleep-inducing moves are banned\n|clearpoke\n|poke|p1|Zamazenta-*|\n|poke|p1|Ninetales-Alola, M|\n|poke|p1|Manaphy|\n|poke|p1|Great Tusk|\n|poke|p1|Samurott-Hisui, F|\n|poke|p1|Cresselia, F|\n|poke|p2|Maushold|\n|poke|p2|Ninetales, F|\n|poke|p2|Walking Wake|\n|poke|p2|Great Tusk|\n|poke|p2|Zamazenta-*|\n|poke|p2|Pecharunt|\n|teampreview\n|inactive|Battle timer is ON: inactive players will automatically lose when time's up. (requested by brodiewhat)\n|\n|t:|1788279651\n|teamsize|p1|6\n|teamsize|p2|6\n|start\n|switch|p1a: Trynna Veil Her|Ninetales-Alola, M|100/100\n|switch|p2a: Ninetales|Ninetales, F|100/100\n|-weather|Snowscape|[from] ability: Snow Warning|[of] p1a: Trynna Veil Her\n|-weather|SunnyDay|[from] ability: Drought|[of] p2a: Ninetales\n|turn|1\n|\n|t:|1788279660\n|move|p1a: Trynna Veil Her|Snowscape|p1a: Trynna Veil Her\n|-weather|Snowscape\n|move|p2a: Ninetales|Will-O-Wisp|p1a: Trynna Veil Her|[miss]\n|-miss|p2a: Ninetales|p1a: Trynna Veil Her\n|\n|-weather|Snowscape|[upkeep]\n|upkeep\n|turn|2\n|\n|t:|1788279667\n|switch|p2a: Pecharunt|Pecharunt|100/100\n|move|p1a: Trynna Veil Her|Aurora Veil|p1a: Trynna Veil Her\n|-sidestart|p1: d3grad3 m3|move: Aurora Veil\n|\n|-weather|Snowscape|[upkeep]\n|upkeep\n|turn|3\n|\n|t:|1788279670\n|switch|p1a: Elvis Cressley|Cresselia, F|100/100\n|move|p2a: Pecharunt|Toxic|p1a: Elvis Cressley\n|-status|p1a: Elvis Cressley|tox\n|-start|p1a: Elvis Cressley|confusion|[from] ability: Poison Puppeteer|[of] p2a: Pecharunt\n|\n|-weather|Snowscape|[upkeep]\n|-damage|p1a: Elvis Cressley|94/100 tox|[from] psn\n|upkeep\n|turn|4\n|\n|t:|1788279684\n|switch|p1a: Ozama Ladderin|Zamazenta|100/100\n|-ability|p1a: Ozama Ladderin|Dauntless Shield|boost\n|-boost|p1a: Ozama Ladderin|def|1\n|move|p2a: Pecharunt|Parting Shot|p1a: Ozama Ladderin\n|-unboost|p1a: Ozama Ladderin|atk|1\n|-unboost|p1a: Ozama Ladderin|spa|1\n|\n|t:|1788279687\n|switch|p2a: Ninetales|Ninetales, F|100/100|[from] Parting Shot\n|-weather|SunnyDay|[from] ability: Drought|[of] p2a: Ninetales\n|\n|-weather|SunnyDay|[upkeep]\n|upkeep\n|turn|5\n|\n|t:|1788279690\n|switch|p1a: Trynna Veil Her|Ninetales-Alola, M|100/100\n|-weather|Snowscape|[from] ability: Snow Warning|[of] p1a: Trynna Veil Her\n|move|p2a: Ninetales|Will-O-Wisp|p1a: Trynna Veil Her\n|-status|p1a: Trynna Veil Her|brn\n|\n|-weather|Snowscape|[upkeep]\n|-damage|p1a: Trynna Veil Her|94/100 brn|[from] brn\n|upkeep\n|turn|6\n|\n|t:|1788279694\n|switch|p1a: Cease You Later|Samurott-Hisui, F|100/100\n|switch|p2a: Pecharunt|Pecharunt|100/100\n|\n|-weather|Snowscape|[upkeep]\n|upkeep\n|turn|7\n|\n|t:|1788279701\n|switch|p2a: Zamazenta|Zamazenta|100/100\n|-ability|p2a: Zamazenta|Dauntless Shield|boost\n|-boost|p2a: Zamazenta|def|1\n|move|p1a: Cease You Later|Ceaseless Edge|p2a: Zamazenta\n|-resisted|p2a: Zamazenta\n|-damage|p2a: Zamazenta|92/100\n|-sidestart|p2: brodiewhat|Spikes\n|\n|-weather|Snowscape|[upkeep]\n|-heal|p2a: Zamazenta|98/100|[from] item: Leftovers\n|upkeep\n|turn|8\n|\n|t:|1788279708\n|switch|p1a: Elvis Cressley|Cresselia, F|94/100 tox\n|move|p2a: Zamazenta|Iron Defense|p2a: Zamazenta\n|-boost|p2a: Zamazenta|def|2\n|\n|-weather|Snowscape|[upkeep]\n|-heal|p2a: Zamazenta|100/100|[from] item: Leftovers\n|-damage|p1a: Elvis Cressley|88/100 tox|[from] psn\n|upkeep\n|turn|9\n|\n|t:|1788279712\n|move|p2a: Zamazenta|Body Press|p1a: Elvis Cressley\n|-resisted|p1a: Elvis Cressley\n|-damage|p1a: Elvis Cressley|75/100 tox\n|move|p1a: Elvis Cressley|Moonblast|p2a: Zamazenta\n|-supereffective|p2a: Zamazenta\n|-damage|p2a: Zamazenta|76/100\n|\n|-weather|none\n|-heal|p2a: Zamazenta|82/100|[from] item: Leftovers\n|-damage|p1a: Elvis Cressley|63/100 tox|[from] psn\n|-sideend|p1: d3grad3 m3|move: Aurora Veil\n|upkeep\n|turn|10\n|\n|t:|1788279723\n|switch|p1a: Ozama Ladderin|Zamazenta|100/100\n|move|p2a: Zamazenta|Body Press|p1a: Ozama Ladderin\n|-damage|p1a: Ozama Ladderin|34/100\n|\n|-heal|p1a: Ozama Ladderin|40/100|[from] item: Leftovers\n|-heal|p2a: Zamazenta|88/100|[from] item: Leftovers\n|upkeep\n|turn|11\n|\n|t:|1788279728\n|move|p1a: Ozama Ladderin|Body Press|p2a: Zamazenta\n|-damage|p2a: Zamazenta|79/100\n|move|p2a: Zamazenta|Body Press|p1a: Ozama Ladderin\n|-damage|p1a: Ozama Ladderin|0 fnt\n|faint|p1a: Ozama Ladderin\n|\n|-heal|p2a: Zamazenta|85/100|[from] item: Leftovers\n|upkeep\n|\n|t:|1788279732\n|switch|p1a: Miss The Rage|Manaphy|100/100\n|turn|12\n|\n|t:|1788279738\n|-terastallize|p1a: Miss The Rage|Fairy\n|move|p2a: Zamazenta|Body Press|p1a: Miss The Rage\n|-resisted|p1a: Miss The Rage\n|-damage|p1a: Miss The Rage|49/100\n|move|p1a: Miss The Rage|Supersonic|p2a: Zamazenta\n|-start|p2a: Zamazenta|confusion\n|\n|-heal|p2a: Zamazenta|91/100|[from] item: Leftovers\n|upkeep\n|turn|13\n|\n|t:|1788279746\n|-activate|p2a: Zamazenta|confusion\n|move|p2a: Zamazenta|Body Press|p1a: Miss The Rage\n|-resisted|p1a: Miss The Rage\n|-damage|p1a: Miss The Rage|0 fnt\n|faint|p1a: Miss The Rage\n|\n|-heal|p2a: Zamazenta|97/100|[from] item: Leftovers\n|upkeep\n|-message|d3grad3 m3 forfeited.\n|\n|win|brodiewhat\n|raw|d3grad3 m3's rating: 1429 &rarr; <strong>1408</strong><br />(-21 for losing)\n|raw|brodiewhat's rating: 1417 &rarr; <strong>1438</strong><br />(+21 for winning)\n|l|\u2606d3grad3 m3\n|player|p1|\n", "uploadtime": 1788279756, "views": "9", "formatid": "gen9ou", "rating": 1408, "private": 0, "password": null}