{"id": "gen9ou-2673883901", "format": "[Gen 9] OU", "players": ["Jacob14203", "PR*SSS"], "log": "|j|\u2606Jacob14203\n|j|\u2606PR*SSS\n|t:|1788272804\n|gametype|singles\n|player|p1|Jacob14203|1|1543\n|player|p2|PR*SSS|psychic-gen2|1635\n|gen|9\n|tier|[Gen 9] OU\n|rated|\n|rule|HP Percentage Mod: HP is shown in percentages\n|rule|Endless Battle Clause: Forcing endless battles is banned\n|rule|Species Clause: Limit one of each Pok\u00e9mon\n|rule|OHKO Clause: OHKO moves are banned\n|rule|Evasion Items Clause: Evasion items are banned\n|rule|Evasion Moves Clause: Evasion moves are banned\n|rule|Evasion Abilities Clause: Evasion abilities are banned\n|rule|Sleep Moves Clause: Sleep-inducing moves are banned\n|clearpoke\n|poke|p1|Pelipper, F|\n|poke|p1|Barraskewda, F|\n|poke|p1|Raging Bolt|\n|poke|p1|Ogerpon-Wellspring, F|\n|poke|p1|Iron Treads|\n|poke|p1|Azelf|\n|poke|p2|Deoxys-Speed|\n|poke|p2|Dragonite, M|\n|poke|p2|Great Tusk|\n|poke|p2|Gholdengo|\n|poke|p2|Samurott-Hisui, M|\n|poke|p2|Cresselia, F|\n|teampreview\n|inactive|Battle timer is ON: inactive players will automatically lose when time's up. (requested by Jacob14203)\n|\n|t:|1788272812\n|teamsize|p1|6\n|teamsize|p2|6\n|start\n|switch|p1a: Iron Treads|Iron Treads|100/100\n|switch|p2a: Samurott|Samurott-Hisui, M|100/100\n|-enditem|p1a: Iron Treads|Booster Energy\n|-activate|p1a: Iron Treads|ability: Quark Drive|[fromitem]\n|-start|p1a: Iron Treads|quarkdrivespe\n|turn|1\n|\n|t:|1788272818\n|move|p1a: Iron Treads|Megahorn|p2a: Samurott\n|-supereffective|p2a: Samurott\n|-damage|p2a: Samurott|24/100\n|move|p2a: Samurott|Ceaseless Edge|p1a: Iron Treads\n|-damage|p1a: Iron Treads|59/100\n|-sidestart|p1: Jacob14203|Spikes\n|\n|upkeep\n|turn|2\n|\n|t:|1788272825\n|move|p2a: Samurott|Sucker Punch|p1a: Iron Treads\n|-crit|p1a: Iron Treads\n|-damage|p1a: Iron Treads|15/100\n|move|p1a: Iron Treads|Rapid Spin|p2a: Samurott\n|-damage|p2a: Samurott|9/100\n|-boost|p1a: Iron Treads|spe|1\n|-sideend|p1: Jacob14203|Spikes|[from] move: Rapid Spin|[of] p1a: Iron Treads\n|\n|upkeep\n|turn|3\n|\n|t:|1788272832\n|-end|p1a: Iron Treads|Quark Drive|[silent]\n|switch|p1a: Azelf|Azelf|100/100\n|move|p2a: Samurott|Ceaseless Edge|p1a: Azelf\n|-supereffective|p1a: Azelf\n|-enditem|p1a: Azelf|Focus Sash\n|-damage|p1a: Azelf|1/100\n|-sidestart|p1: Jacob14203|Spikes\n|\n|upkeep\n|turn|4\n|\n|t:|1788272836\n|move|p2a: Samurott|Sucker Punch||[still]\n|-fail|p2a: Samurott\n|move|p1a: Azelf|Stealth Rock|p2a: Samurott\n|-sidestart|p2: PR*SSS|move: Stealth Rock\n|\n|upkeep\n|turn|5\n|\n|t:|1788272844\n|move|p2a: Samurott|Sucker Punch||[still]\n|-fail|p2a: Samurott\n|move|p1a: Azelf|Stealth Rock||[still]\n|-fail|p1a: Azelf\n|\n|upkeep\n|turn|6\n|\n|t:|1788272848\n|switch|p1a: Ogerpon|Ogerpon-Wellspring, F|100/100\n|-damage|p1a: Ogerpon|88/100|[from] Spikes\n|move|p2a: Samurott|Sucker Punch||[still]\n|-fail|p2a: Samurott\n|\n|upkeep\n|turn|7\n|\n|t:|1788272852\n|move|p2a: Samurott|Sucker Punch||[still]\n|-fail|p2a: Samurott\n|move|p1a: Ogerpon|Encore|p2a: Samurott\n|-start|p2a: Samurott|Encore\n|\n|upkeep\n|turn|8\n|\n|t:|1788272861\n|move|p2a: Samurott|Sucker Punch||[still]\n|-fail|p2a: Samurott\n|move|p1a: Ogerpon|Swords Dance|p1a: Ogerpon\n|-boost|p1a: Ogerpon|atk|2\n|\n|upkeep\n|turn|9\n|\n|t:|1788272865\n|move|p2a: Samurott|Sucker Punch||[still]\n|-fail|p2a: Samurott\n|move|p1a: Ogerpon|Swords Dance|p1a: Ogerpon\n|-boost|p1a: Ogerpon|atk|2\n|\n|upkeep\n|turn|10\n|\n|t:|1788272868\n|switch|p2a: Gholdengo|Gholdengo|100/100\n|-damage|p2a: Gholdengo|94/100|[from] Stealth Rock\n|move|p1a: Ogerpon|Swords Dance|p1a: Ogerpon\n|-boost|p1a: Ogerpon|atk|2\n|\n|upkeep\n|turn|11\n|\n|t:|1788272871\n|move|p2a: Gholdengo|Shadow Ball|p1a: Ogerpon\n|-damage|p1a: Ogerpon|38/100\n|move|p1a: Ogerpon|Ivy Cudgel|p2a: Gholdengo|[anim] Ivy Cudgel Water\n|-damage|p2a: Gholdengo|0 fnt\n|faint|p2a: Gholdengo\n|\n|upkeep\n|\n|t:|1788272877\n|switch|p2a: Deoxys|Deoxys-Speed|100/100\n|-damage|p2a: Deoxys|88/100|[from] Stealth Rock\n|-ability|p2a: Deoxys|Pressure\n|turn|12\n|\n|t:|1788272879\n|move|p2a: Deoxys|Psycho Boost|p1a: Ogerpon\n|-damage|p1a: Ogerpon|0 fnt\n|-unboost|p2a: Deoxys|spa|2\n|faint|p1a: Ogerpon\n|-damage|p2a: Deoxys|78/100|[from] item: Life Orb\n|\n|upkeep\n|\n|t:|1788272884\n|switch|p1a: Pelipper|Pelipper, F|100/100\n|-weather|RainDance|[from] ability: Drizzle|[of] p1a: Pelipper\n|turn|13\n|\n|t:|1788272890\n|switch|p2a: Samurott|Samurott-Hisui, M|9/100\n|-damage|p2a: Samurott|0 fnt|[from] Stealth Rock\n|faint|p2a: Samurott\n|move|p1a: Pelipper|U-turn|p2: Samurott|[notarget]\n|-fail|p1a: Pelipper\n|\n|-weather|RainDance|[upkeep]\n|upkeep\n|\n|t:|1788272899\n|switch|p2a: Deoxys|Deoxys-Speed|78/100\n|-damage|p2a: Deoxys|66/100|[from] Stealth Rock\n|-ability|p2a: Deoxys|Pressure\n|turn|14\n|\n|t:|1788272904\n|switch|p1a: Azelf|Azelf|1/100\n|move|p2a: Deoxys|Psycho Boost|p1a: Azelf\n|-resisted|p1a: Azelf\n|-damage|p1a: Azelf|0 fnt\n|-unboost|p2a: Deoxys|spa|2\n|faint|p1a: Azelf\n|-damage|p2a: Deoxys|56/100|[from] item: Life Orb\n|\n|-weather|RainDance|[upkeep]\n|upkeep\n|\n|t:|1788272905\n|switch|p1a: Barraskewda|Barraskewda, F|100/100\n|-damage|p1a: Barraskewda|88/100|[from] Spikes\n|turn|15\n|\n|t:|1788272913\n|-terastallize|p1a: Barraskewda|Water\n|move|p1a: Barraskewda|Flip Turn|p2a: Deoxys\n|-damage|p2a: Deoxys|0 fnt\n|faint|p2a: Deoxys\n|\n|t:|1788272921\n|switch|p1a: Iron Treads|Iron Treads|15/100|[from] Flip Turn\n|-damage|p1a: Iron Treads|3/100|[from] Spikes\n|\n|-weather|RainDance|[upkeep]\n|upkeep\n|\n|t:|1788272924\n|switch|p2a: Great Tusk|Great Tusk|100/100\n|-damage|p2a: Great Tusk|98/100|[from] Stealth Rock\n|turn|16\n|\n|t:|1788272926\n|move|p1a: Iron Treads|Rapid Spin|p2a: Great Tusk\n|-damage|p2a: Great Tusk|88/100\n|-boost|p1a: Iron Treads|spe|1\n|-damage|p1a: Iron Treads|0 fnt|[from] item: Rocky Helmet|[of] p2a: Great Tusk\n|faint|p1a: Iron Treads\n|-end|p1a: Iron Treads|Quark Drive|[silent]\n|move|p2a: Great Tusk|Rapid Spin|p1: Iron Treads|[notarget]\n|-fail|p2a: Great Tusk\n|\n|-weather|RainDance|[upkeep]\n|upkeep\n|\n|t:|1788272930\n|switch|p1a: Barraskewda|Barraskewda, F, tera:Water|88/100\n|-damage|p1a: Barraskewda|76/100|[from] Spikes\n|turn|17\n|\n|t:|1788272939\n|-end|p2a: Great Tusk|Protosynthesis|[silent]\n|switch|p2a: Cresselia|Cresselia, F|100/100\n|-damage|p2a: Cresselia|88/100|[from] Stealth Rock\n|move|p1a: Barraskewda|Flip Turn|p2a: Cresselia\n|-crit|p2a: Cresselia\n|-damage|p2a: Cresselia|0 fnt\n|faint|p2a: Cresselia\n|\n|t:|1788272943\n|switch|p1a: Pelipper|Pelipper, F|100/100|[from] Flip Turn\n|\n|-weather|RainDance|[upkeep]\n|upkeep\n|\n|t:|1788272949\n|switch|p2a: Dragonite|Dragonite, M|100/100\n|turn|18\n|\n|t:|1788272952\n|move|p2a: Dragonite|Dragon Dance|p2a: Dragonite\n|-boost|p2a: Dragonite|atk|1\n|-boost|p2a: Dragonite|spe|1\n|move|p1a: Pelipper|U-turn|p2a: Dragonite\n|-resisted|p2a: Dragonite\n|-damage|p2a: Dragonite|98/100\n|\n|t:|1788272955\n|switch|p1a: Raging Bolt|Raging Bolt|100/100|[from] U-turn\n|-damage|p1a: Raging Bolt|88/100|[from] Spikes\n|\n|-weather|RainDance|[upkeep]\n|upkeep\n|turn|19\n|\n|t:|1788272969\n|move|p2a: Dragonite|Outrage|p1a: Raging Bolt\n|-supereffective|p1a: Raging Bolt\n|-damage|p1a: Raging Bolt|0 fnt\n|faint|p1a: Raging Bolt\n|-end|p1a: Raging Bolt|Protosynthesis|[silent]\n|\n|-weather|RainDance|[upkeep]\n|upkeep\n|\n|t:|1788272978\n|switch|p1a: Pelipper|Pelipper, F|100/100\n|turn|20\n|\n|t:|1788272980\n|move|p2a: Dragonite|Outrage|p1a: Pelipper|[from] lockedmove\n|-damage|p1a: Pelipper|16/100\n|-start|p2a: Dragonite|confusion|[fatigue]\n|move|p1a: Pelipper|Roost|p1a: Pelipper\n|-heal|p1a: Pelipper|66/100\n|-singleturn|p1a: Pelipper|move: Roost\n|\n|-weather|none\n|upkeep\n|turn|21\n|\n|t:|1788272991\n|-activate|p2a: Dragonite|confusion\n|move|p2a: Dragonite|Dragon Dance|p2a: Dragonite\n|-boost|p2a: Dragonite|atk|1\n|-boost|p2a: Dragonite|spe|1\n|move|p1a: Pelipper|U-turn|p2a: Dragonite\n|-resisted|p2a: Dragonite\n|-damage|p2a: Dragonite|94/100\n|\n|t:|1788272993\n|switch|p1a: Barraskewda|Barraskewda, F, tera:Water|76/100|[from] U-turn\n|-damage|p1a: Barraskewda|64/100|[from] Spikes\n|\n|upkeep\n|turn|22\n|\n|t:|1788272999\n|-activate|p2a: Dragonite|confusion\n|move|p2a: Dragonite|Extreme Speed|p1a: Barraskewda\n|-damage|p1a: Barraskewda|0 fnt\n|faint|p1a: Barraskewda\n|\n|upkeep\n|l|\u2606Jacob14203\n|inactive|Jacob14203 disconnected and has a minute to reconnect!\n|player|p1|\n|inactive|Jacob14203 has 30 seconds to reconnect!\n|inactive|Jacob14203 has 20 seconds to reconnect!\n|inactive|Jacob14203 has 15 seconds to reconnect!\n|inactive|Jacob14203 has 10 seconds to reconnect!\n|inactive|Jacob14203 has 5 seconds to reconnect!\n|-message|Jacob14203 lost due to inactivity.\n|\n|win|PR*SSS\n|raw|Jacob14203's rating: 1543 &rarr; <strong>1528</strong><br />(-15 for losing)\n|raw|PR*SSS's rating: 1635 &rarr; <strong>1650</strong><br />(+15 for winning)\n", "uploadtime": 1788273248, "views": "0", "formatid": "gen9ou", "rating": 1528, "private": 0, "password": null}