{"id": "gen9ou-2673933169", "format": "[Gen 9] OU", "players": ["Khinelalala", "d3grad3 m3"], "log": "|j|\u2606Khinelalala\n|j|\u2606d3grad3 m3\n|t:|1788278810\n|gametype|singles\n|player|p1|Khinelalala|102|1405\n|player|p2|d3grad3 m3|swimmerf|1478\n|gen|9\n|tier|[Gen 9] OU\n|rated|\n|rule|HP Percentage Mod: HP is shown in percentages\n|rule|Endless Battle Clause: Forcing endless battles is banned\n|rule|Species Clause: Limit one of each Pok\u00e9mon\n|rule|OHKO Clause: OHKO moves are banned\n|rule|Evasion Items Clause: Evasion items are banned\n|rule|Evasion Moves Clause: Evasion moves are banned\n|rule|Evasion Abilities Clause: Evasion abilities are banned\n|rule|Sleep Moves Clause: Sleep-inducing moves are banned\n|clearpoke\n|poke|p1|Torkoal, M|\n|poke|p1|Walking Wake|\n|poke|p1|Venusaur, M|\n|poke|p1|Slither Wing|\n|poke|p1|Great Tusk|\n|poke|p1|Hatterene, F|\n|poke|p2|Zamazenta-*|\n|poke|p2|Ninetales-Alola, M|\n|poke|p2|Manaphy|\n|poke|p2|Great Tusk|\n|poke|p2|Samurott-Hisui, M|\n|poke|p2|Cresselia, F|\n|teampreview\n|inactive|Battle timer is ON: inactive players will automatically lose when time's up. (requested by Khinelalala)\n|l|\u2606d3grad3 m3\n|inactive|d3grad3 m3 disconnected and has a minute to reconnect!\n|player|p2|\n|inactive|d3grad3 m3 has 30 seconds to reconnect!\n|inactive|d3grad3 m3 has 20 seconds to reconnect!\n|j|\u2606d3grad3 m3\n|inactive|d3grad3 m3 reconnected and has 110 seconds left.\n|player|p2|d3grad3 m3|swimmerf|\n|\n|t:|1788278879\n|teamsize|p1|6\n|teamsize|p2|6\n|start\n|switch|p1a: Slither Wing|Slither Wing|100/100\n|switch|p2a: Trynna Veil Her|Ninetales-Alola, M|100/100\n|-weather|Snowscape|[from] ability: Snow Warning|[of] p2a: Trynna Veil Her\n|turn|1\n|\n|t:|1788278886\n|-end|p1a: Slither Wing|Protosynthesis|[silent]\n|switch|p1a: Torkoal|Torkoal, M|100/100\n|-weather|SunnyDay|[from] ability: Drought|[of] p1a: Torkoal\n|move|p2a: Trynna Veil Her|Snowscape|p2a: Trynna Veil Her\n|-weather|Snowscape\n|\n|-weather|Snowscape|[upkeep]\n|upkeep\n|turn|2\n|\n|t:|1788278898\n|switch|p1a: Great Tusk|Great Tusk|100/100\n|move|p2a: Trynna Veil Her|Aurora Veil|p2a: Trynna Veil Her\n|-sidestart|p2: d3grad3 m3|move: Aurora Veil\n|\n|-weather|Snowscape|[upkeep]\n|upkeep\n|turn|3\n|\n|t:|1788278901\n|-end|p1a: Great Tusk|Protosynthesis|[silent]\n|switch|p1a: Torkoal|Torkoal, M|100/100\n|-weather|SunnyDay|[from] ability: Drought|[of] p1a: Torkoal\n|move|p2a: Trynna Veil Her|Freeze-Dry|p1a: Torkoal\n|-resisted|p1a: Torkoal\n|-damage|p1a: Torkoal|87/100\n|\n|-weather|SunnyDay|[upkeep]\n|upkeep\n|turn|4\n|\n|t:|1788278908\n|move|p2a: Trynna Veil Her|Snowscape|p2a: Trynna Veil Her\n|-weather|Snowscape\n|move|p1a: Torkoal|Stealth Rock|p2a: Trynna Veil Her\n|-sidestart|p2: d3grad3 m3|move: Stealth Rock\n|\n|-weather|Snowscape|[upkeep]\n|upkeep\n|turn|5\n|\n|t:|1788278911\n|switch|p2a: Great Head(long)|Great Tusk|100/100\n|switch|p1a: Slither Wing|Slither Wing|100/100\n|\n|-weather|Snowscape|[upkeep]\n|upkeep\n|turn|6\n|\n|t:|1788278920\n|move|p2a: Great Head(long)|Rapid Spin|p1a: Slither Wing\n|-damage|p1a: Slither Wing|76/100\n|-boost|p2a: Great Head(long)|spe|1\n|-sideend|p2: d3grad3 m3|Stealth Rock|[from] move: Rapid Spin|[of] p2a: Great Head(long)\n|move|p1a: Slither Wing|U-turn|p2a: Great Head(long)\n|-resisted|p2a: Great Head(long)\n|-damage|p2a: Great Head(long)|90/100\n|\n|t:|1788278926\n|-end|p1a: Slither Wing|Protosynthesis|[silent]\n|switch|p1a: Torkoal|Torkoal, M|87/100|[from] U-turn\n|-weather|SunnyDay|[from] ability: Drought|[of] p1a: Torkoal\n|-activate|p2a: Great Head(long)|ability: Protosynthesis\n|-start|p2a: Great Head(long)|protosynthesisspe\n|\n|-weather|SunnyDay|[upkeep]\n|upkeep\n|turn|7\n|\n|t:|1788278929\n|move|p2a: Great Head(long)|Headlong Rush|p1a: Torkoal\n|-supereffective|p1a: Torkoal\n|-damage|p1a: Torkoal|18/100\n|-unboost|p2a: Great Head(long)|def|1\n|-unboost|p2a: Great Head(long)|spd|1\n|move|p1a: Torkoal|Will-O-Wisp|p2a: Great Head(long)\n|-status|p2a: Great Head(long)|brn\n|\n|-weather|SunnyDay|[upkeep]\n|-damage|p2a: Great Head(long)|84/100 brn|[from] brn\n|upkeep\n|turn|8\n|\n|t:|1788278938\n|switch|p1a: Hatterene|Hatterene, F|100/100\n|move|p2a: Great Head(long)|Headlong Rush|p1a: Hatterene\n|-damage|p1a: Hatterene|67/100\n|-unboost|p2a: Great Head(long)|def|1\n|-unboost|p2a: Great Head(long)|spd|1\n|-enditem|p1a: Hatterene|Eject Button\n|\n|t:|1788278940\n|switch|p1a: Venusaur|Venusaur, M|100/100\n|\n|-weather|SunnyDay|[upkeep]\n|-damage|p2a: Great Head(long)|78/100 brn|[from] brn\n|upkeep\n|turn|9\n|\n|t:|1788278944\n|move|p2a: Great Head(long)|Stealth Rock|p1a: Venusaur\n|-sidestart|p1: Khinelalala|move: Stealth Rock\n|move|p1a: Venusaur|Growth|p1a: Venusaur\n|-boost|p1a: Venusaur|atk|2\n|-boost|p1a: Venusaur|spa|2\n|\n|-weather|SunnyDay|[upkeep]\n|-damage|p2a: Great Head(long)|71/100 brn|[from] brn\n|-sideend|p2: d3grad3 m3|move: Aurora Veil\n|upkeep\n|turn|10\n|\n|t:|1788278951\n|move|p2a: Great Head(long)|Ice Spinner|p1a: Venusaur\n|-supereffective|p1a: Venusaur\n|-damage|p1a: Venusaur|60/100\n|move|p1a: Venusaur|Giga Drain|p2a: Great Head(long)\n|-supereffective|p2a: Great Head(long)\n|-damage|p2a: Great Head(long)|0 fnt\n|-heal|p1a: Venusaur|100/100|[from] drain|[of] p2a: Great Head(long)\n|faint|p2a: Great Head(long)\n|-end|p2a: Great Head(long)|Protosynthesis|[silent]\n|-damage|p1a: Venusaur|91/100|[from] item: Life Orb\n|\n|-weather|SunnyDay|[upkeep]\n|upkeep\n|\n|t:|1788278956\n|switch|p2a: Trynna Veil Her|Ninetales-Alola, M|100/100\n|-weather|Snowscape|[from] ability: Snow Warning|[of] p2a: Trynna Veil Her\n|turn|11\n|\n|t:|1788278968\n|-terastallize|p2a: Trynna Veil Her|Poison\n|move|p2a: Trynna Veil Her|Freeze-Dry|p1a: Venusaur\n|-supereffective|p1a: Venusaur\n|-damage|p1a: Venusaur|46/100\n|move|p1a: Venusaur|Giga Drain|p2a: Trynna Veil Her\n|-resisted|p2a: Trynna Veil Her\n|-damage|p2a: Trynna Veil Her|62/100\n|-heal|p1a: Venusaur|67/100|[from] drain|[of] p2a: Trynna Veil Her\n|-damage|p1a: Venusaur|57/100|[from] item: Life Orb\n|\n|-weather|Snowscape|[upkeep]\n|upkeep\n|turn|12\n|\n|t:|1788278976\n|move|p2a: Trynna Veil Her|Aurora Veil|p2a: Trynna Veil Her\n|-sidestart|p2: d3grad3 m3|move: Aurora Veil\n|move|p1a: Venusaur|Earthquake|p2a: Trynna Veil Her\n|-supereffective|p2a: Trynna Veil Her\n|-damage|p2a: Trynna Veil Her|5/100\n|-damage|p1a: Venusaur|47/100|[from] item: Life Orb\n|\n|-weather|Snowscape|[upkeep]\n|upkeep\n|turn|13\n|\n|t:|1788278993\n|move|p2a: Trynna Veil Her|Freeze-Dry|p1a: Venusaur\n|-supereffective|p1a: Venusaur\n|-damage|p1a: Venusaur|6/100\n|move|p1a: Venusaur|Giga Drain|p2a: Trynna Veil Her\n|-resisted|p2a: Trynna Veil Her\n|-damage|p2a: Trynna Veil Her|0 fnt\n|-heal|p1a: Venusaur|9/100|[from] drain|[of] p2a: Trynna Veil Her\n|faint|p2a: Trynna Veil Her\n|-damage|p1a: Venusaur|0 fnt|[from] item: Life Orb\n|faint|p1a: Venusaur\n|\n|-weather|Snowscape|[upkeep]\n|upkeep\n|\n|t:|1788279008\n|switch|p2a: Elvis Cressley|Cresselia, F|100/100\n|switch|p1a: Hatterene|Hatterene, F|67/100\n|-damage|p1a: Hatterene|54/100|[from] Stealth Rock\n|turn|14\n|\n|t:|1788279012\n|move|p2a: Elvis Cressley|Calm Mind|p2a: Elvis Cressley\n|-boost|p2a: Elvis Cressley|spa|1\n|-boost|p2a: Elvis Cressley|spd|1\n|move|p1a: Hatterene|Healing Wish|p1a: Hatterene\n|faint|p1a: Hatterene\n|\n|-weather|Snowscape|[upkeep]\n|upkeep\n|\n|t:|1788279015\n|switch|p1a: Torkoal|Torkoal, M|18/100\n|-heal|p1a: Torkoal|100/100|[from] move: Healing Wish\n|-damage|p1a: Torkoal|76/100|[from] Stealth Rock\n|-weather|SunnyDay|[from] ability: Drought|[of] p1a: Torkoal\n|turn|15\n|\n|t:|1788279019\n|move|p2a: Elvis Cressley|Calm Mind|p2a: Elvis Cressley\n|-boost|p2a: Elvis Cressley|spa|1\n|-boost|p2a: Elvis Cressley|spd|1\n|move|p1a: Torkoal|Rapid Spin|p2a: Elvis Cressley\n|-damage|p2a: Elvis Cressley|98/100\n|-boost|p1a: Torkoal|spe|1\n|-sideend|p1: Khinelalala|Stealth Rock|[from] move: Rapid Spin|[of] p1a: Torkoal\n|\n|-weather|SunnyDay|[upkeep]\n|upkeep\n|turn|16\n|\n|t:|1788279027\n|move|p2a: Elvis Cressley|Calm Mind|p2a: Elvis Cressley\n|-boost|p2a: Elvis Cressley|spa|1\n|-boost|p2a: Elvis Cressley|spd|1\n|move|p1a: Torkoal|Stealth Rock|p2a: Elvis Cressley\n|-sidestart|p2: d3grad3 m3|move: Stealth Rock\n|\n|-weather|SunnyDay|[upkeep]\n|upkeep\n|turn|17\n|\n|t:|1788279030\n|switch|p1a: Slither Wing|Slither Wing|76/100\n|-activate|p1a: Slither Wing|ability: Protosynthesis\n|-start|p1a: Slither Wing|protosynthesisatk\n|move|p2a: Elvis Cressley|Stored Power|p1a: Slither Wing\n|-supereffective|p1a: Slither Wing\n|-damage|p1a: Slither Wing|0 fnt\n|faint|p1a: Slither Wing\n|-end|p1a: Slither Wing|Protosynthesis|[silent]\n|\n|-weather|SunnyDay|[upkeep]\n|upkeep\n|-message|Khinelalala forfeited.\n|\n|win|d3grad3 m3\n|raw|Khinelalala's rating: 1405 &rarr; <strong>1389</strong><br />(-16 for losing)\n|raw|d3grad3 m3's rating: 1478 &rarr; <strong>1494</strong><br />(+16 for winning)\n|l|\u2606Khinelalala\n|player|p1|\n", "uploadtime": 1788279039, "views": "1", "formatid": "gen9ou", "rating": 1389, "private": 0, "password": null}