{"id": "gen9ou-2673931564", "format": "[Gen 9] OU", "players": ["rossetiger", "Gen5OU.AntiMeta"], "log": "|j|\u2606rossetiger\n|j|\u2606Gen5OU.AntiMeta\n|t:|1788278612\n|gametype|singles\n|player|p1|rossetiger|scientist|1351\n|player|p2|Gen5OU.AntiMeta|cyrus|1398\n|gen|9\n|tier|[Gen 9] OU\n|rated|\n|rule|HP Percentage Mod: HP is shown in percentages\n|rule|Endless Battle Clause: Forcing endless battles is banned\n|rule|Species Clause: Limit one of each Pok\u00e9mon\n|rule|OHKO Clause: OHKO moves are banned\n|rule|Evasion Items Clause: Evasion items are banned\n|rule|Evasion Moves Clause: Evasion moves are banned\n|rule|Evasion Abilities Clause: Evasion abilities are banned\n|rule|Sleep Moves Clause: Sleep-inducing moves are banned\n|clearpoke\n|poke|p1|Torkoal, F|\n|poke|p1|Charizard, M|\n|poke|p1|Walking Wake|\n|poke|p1|Ceruledge, M|\n|poke|p1|Great Tusk|\n|poke|p1|Scream Tail|\n|poke|p2|Cinderace, M|\n|poke|p2|Ninetales-Alola, M|\n|poke|p2|Kyurem|\n|poke|p2|Pecharunt|\n|poke|p2|Greninja-*, M|\n|poke|p2|Iron Hands|\n|teampreview\n|inactive|Battle timer is ON: inactive players will automatically lose when time's up. (requested by Gen5OU.AntiMeta)\n|\n|t:|1788278637\n|teamsize|p1|6\n|teamsize|p2|6\n|start\n|switch|p1a: Torkoal|Torkoal, F|100/100\n|switch|p2a: colossus.|Iron Hands|100/100\n|-weather|SunnyDay|[from] ability: Drought|[of] p1a: Torkoal\n|turn|1\n|\n|t:|1788278653\n|move|p2a: colossus.|Earthquake|p1a: Torkoal\n|-supereffective|p1a: Torkoal\n|-damage|p1a: Torkoal|46/100\n|move|p1a: Torkoal|Lava Plume|p2a: colossus.\n|-damage|p2a: colossus.|80/100\n|\n|-weather|SunnyDay|[upkeep]\n|upkeep\n|turn|2\n|\n|t:|1788278664\n|switch|p1a: Great Tusk|Great Tusk|100/100\n|-activate|p1a: Great Tusk|ability: Protosynthesis\n|-start|p1a: Great Tusk|protosynthesisdef\n|move|p2a: colossus.|Thunder Punch|p1a: Great Tusk\n|-immune|p1a: Great Tusk\n|\n|-weather|SunnyDay|[upkeep]\n|upkeep\n|turn|3\n|\n|t:|1788278674\n|-end|p2a: colossus.|Quark Drive|[silent]\n|switch|p2a: her majesty.|Ninetales-Alola, M|100/100\n|-weather|Snowscape|[from] ability: Snow Warning|[of] p2a: her majesty.\n|-end|p1a: Great Tusk|Protosynthesis\n|move|p1a: Great Tusk|Knock Off|p2a: her majesty.\n|-resisted|p2a: her majesty.\n|-damage|p2a: her majesty.|85/100\n|-enditem|p2a: her majesty.|Light Clay|[from] move: Knock Off|[of] p1a: Great Tusk\n|\n|-weather|Snowscape|[upkeep]\n|upkeep\n|turn|4\n|\n|t:|1788278684\n|switch|p2a: the truth.|Greninja, M|100/100\n|-end|p1a: Great Tusk|Protosynthesis|[silent]\n|switch|p1a: Torkoal|Torkoal, F|46/100\n|-weather|SunnyDay|[from] ability: Drought|[of] p1a: Torkoal\n|\n|-weather|SunnyDay|[upkeep]\n|upkeep\n|turn|5\n|\n|t:|1788278692\n|switch|p2a: her majesty.|Ninetales-Alola, M|85/100\n|-weather|Snowscape|[from] ability: Snow Warning|[of] p2a: her majesty.\n|switch|p1a: Scream Tail|Scream Tail|100/100\n|\n|-weather|Snowscape|[upkeep]\n|upkeep\n|turn|6\n|\n|t:|1788278698\n|switch|p2a: Pecharunt|Pecharunt|100/100\n|-end|p1a: Scream Tail|Protosynthesis|[silent]\n|switch|p1a: Torkoal|Torkoal, F|46/100\n|-weather|SunnyDay|[from] ability: Drought|[of] p1a: Torkoal\n|\n|-weather|SunnyDay|[upkeep]\n|upkeep\n|turn|7\n|\n|t:|1788278705\n|switch|p1a: Great Tusk|Great Tusk|100/100\n|-activate|p1a: Great Tusk|ability: Protosynthesis\n|-start|p1a: Great Tusk|protosynthesisdef\n|move|p2a: Pecharunt|Parting Shot|p1a: Great Tusk\n|-unboost|p1a: Great Tusk|atk|1\n|-unboost|p1a: Great Tusk|spa|1\n|\n|t:|1788278711\n|switch|p2a: the truth.|Greninja, M|100/100|[from] Parting Shot\n|\n|-weather|SunnyDay|[upkeep]\n|upkeep\n|turn|8\n|\n|t:|1788278718\n|move|p2a: the truth.|Sludge Wave|p1a: Great Tusk\n|-resisted|p1a: Great Tusk\n|-damage|p1a: Great Tusk|91/100\n|move|p1a: Great Tusk|Body Press|p2a: the truth.\n|-supereffective|p2a: the truth.\n|-damage|p2a: the truth.|0 fnt\n|faint|p2a: the truth.\n|\n|-weather|SunnyDay|[upkeep]\n|upkeep\n|l|\u2606Gen5OU.AntiMeta\n|inactive|Gen5OU.AntiMeta disconnected and has a minute to reconnect!\n|player|p2|\n|inactive|Gen5OU.AntiMeta has 30 seconds to reconnect!\n|inactive|Gen5OU.AntiMeta has 20 seconds to reconnect!\n|inactive|Gen5OU.AntiMeta has 15 seconds to reconnect!\n|inactive|Gen5OU.AntiMeta has 10 seconds to reconnect!\n|inactive|Gen5OU.AntiMeta has 5 seconds to reconnect!\n|-message|Gen5OU.AntiMeta lost due to inactivity.\n|\n|win|rossetiger\n|raw|rossetiger's rating: 1351 &rarr; <strong>1374</strong><br />(+23 for winning)\n|raw|Gen5OU.AntiMeta's rating: 1398 &rarr; <strong>1375</strong><br />(-23 for losing)\n|l|\u2606rossetiger\n|player|p1|\n|j|\u2606Gen5OU.AntiMeta\n|player|p2|Gen5OU.AntiMeta|cyrus|\n", "uploadtime": 1788279085, "views": "0", "formatid": "gen9ou", "rating": 1374, "private": 0, "password": null}