{"id": "gen9ou-2673863268", "format": "[Gen 9] OU", "players": ["2A6O5+++", "sweetboy1"], "log": "|j|\u26062A6O5+++\n|j|\u2606sweetboy1\n|t:|1788270150\n|gametype|singles\n|player|p1|2A6O5+++|nate|1382\n|player|p2|sweetboy1|marshal|1407\n|gen|9\n|tier|[Gen 9] OU\n|rated|\n|rule|HP Percentage Mod: HP is shown in percentages\n|rule|Endless Battle Clause: Forcing endless battles is banned\n|rule|Species Clause: Limit one of each Pok\u00e9mon\n|rule|OHKO Clause: OHKO moves are banned\n|rule|Evasion Items Clause: Evasion items are banned\n|rule|Evasion Moves Clause: Evasion moves are banned\n|rule|Evasion Abilities Clause: Evasion abilities are banned\n|rule|Sleep Moves Clause: Sleep-inducing moves are banned\n|clearpoke\n|poke|p1|Ninetales, M|\n|poke|p1|Lilligant-Hisui, F|\n|poke|p1|Walking Wake|\n|poke|p1|Hatterene, F|\n|poke|p1|Great Tusk|\n|poke|p1|Typhlosion-Hisui, M|\n|poke|p2|Zamazenta-*|\n|poke|p2|Kingambit, F|\n|poke|p2|Hatterene, F|\n|poke|p2|Landorus-Therian, M|\n|poke|p2|Ceruledge, M|\n|poke|p2|Ogerpon-Wellspring, F|\n|teampreview\n|inactive|Battle timer is ON: inactive players will automatically lose when time's up. (requested by sweetboy1)\n|\n|t:|1788270191\n|teamsize|p1|6\n|teamsize|p2|6\n|start\n|switch|p1a: Ninetales|Ninetales, M|100/100\n|switch|p2a: Hatterene|Hatterene, F|100/100\n|-weather|SunnyDay|[from] ability: Drought|[of] p1a: Ninetales\n|turn|1\n|\n|t:|1788270212\n|switch|p1a: Hatterene|Hatterene, F|100/100\n|move|p2a: Hatterene|Nuzzle|p1a: Hatterene\n|-damage|p1a: Hatterene|97/100\n|-status|p1a: Hatterene|par\n|-enditem|p1a: Hatterene|Eject Button\n|\n|t:|1788270221\n|switch|p1a: Typhlosion|Typhlosion-Hisui, M|100/100\n|\n|-weather|SunnyDay|[upkeep]\n|upkeep\n|turn|2\n|\n|t:|1788270235\n|-terastallize|p2a: Hatterene|Water\n|move|p1a: Typhlosion|Shadow Ball|p2a: Hatterene\n|-damage|p2a: Hatterene|78/100\n|-unboost|p2a: Hatterene|spd|1\n|move|p2a: Hatterene|Nuzzle|p1a: Typhlosion\n|-crit|p1a: Typhlosion\n|-damage|p1a: Typhlosion|92/100\n|-status|p1a: Typhlosion|par\n|\n|-weather|SunnyDay|[upkeep]\n|upkeep\n|turn|3\n|inactive|sweetboy1 has 120 seconds left.\n|\n|t:|1788270289\n|switch|p1a: Hatterene|Hatterene, F|97/100 par\n|switch|p2a: Ogerpon|Ogerpon-Wellspring, F|100/100\n|\n|-weather|SunnyDay|[upkeep]\n|upkeep\n|turn|4\n|\n|t:|1788270301\n|switch|p2a: Landorus|Landorus-Therian, M|100/100\n|-ability|p2a: Landorus|Intimidate|boost\n|-unboost|p1a: Hatterene|atk|1\n|move|p1a: Hatterene|Nuzzle|p2a: Landorus\n|-immune|p2a: Landorus\n|\n|-weather|SunnyDay|[upkeep]\n|upkeep\n|turn|5\n|\n|t:|1788270313\n|switch|p1a: Walking Wake|Walking Wake|100/100\n|-activate|p1a: Walking Wake|ability: Protosynthesis\n|-start|p1a: Walking Wake|protosynthesisspe\n|move|p2a: Landorus|Earthquake|p1a: Walking Wake\n|-damage|p1a: Walking Wake|34/100\n|\n|-weather|SunnyDay|[upkeep]\n|upkeep\n|turn|6\n|inactive|sweetboy1 has 90 seconds left.\n|\n|t:|1788270340\n|switch|p2a: Kingambit|Kingambit, F|100/100\n|move|p1a: Walking Wake|Draco Meteor|p2a: Kingambit\n|-resisted|p2a: Kingambit\n|-damage|p2a: Kingambit|54/100\n|-unboost|p1a: Walking Wake|spa|2\n|\n|-weather|SunnyDay|[upkeep]\n|-heal|p2a: Kingambit|60/100|[from] item: Leftovers\n|upkeep\n|turn|7\n|inactive|sweetboy1 has 90 seconds left.\n|\n|t:|1788270368\n|-end|p1a: Walking Wake|Protosynthesis|[silent]\n|switch|p1a: Great Tusk|Great Tusk|100/100\n|-activate|p1a: Great Tusk|ability: Protosynthesis\n|-start|p1a: Great Tusk|protosynthesisatk\n|move|p2a: Kingambit|Kowtow Cleave|p1a: Great Tusk\n|-resisted|p1a: Great Tusk\n|-damage|p1a: Great Tusk|84/100\n|\n|-weather|SunnyDay|[upkeep]\n|-heal|p2a: Kingambit|66/100|[from] item: Leftovers\n|upkeep\n|turn|8\n|inactive|sweetboy1 has 60 seconds left.\n|\n|t:|1788270398\n|-end|p2a: Kingambit|fallenundefined|[silent]\n|switch|p2a: Zamazenta|Zamazenta|100/100\n|-ability|p2a: Zamazenta|Dauntless Shield|boost\n|-boost|p2a: Zamazenta|def|1\n|move|p1a: Great Tusk|Ice Spinner|p2a: Zamazenta\n|-damage|p2a: Zamazenta|86/100\n|\n|-weather|none\n|-end|p1a: Great Tusk|Protosynthesis\n|-heal|p2a: Zamazenta|92/100|[from] item: Leftovers\n|upkeep\n|turn|9\n|\n|t:|1788270412\n|-end|p1a: Great Tusk|Protosynthesis|[silent]\n|switch|p1a: Typhlosion|Typhlosion-Hisui, M|92/100 par\n|move|p2a: Zamazenta|Iron Defense|p2a: Zamazenta\n|-boost|p2a: Zamazenta|def|2\n|\n|-heal|p2a: Zamazenta|98/100|[from] item: Leftovers\n|upkeep\n|turn|10\n|inactive|2A6O5+++ has 120 seconds left.\n|\n|t:|1788270435\n|move|p2a: Zamazenta|Crunch|p1a: Typhlosion\n|-supereffective|p1a: Typhlosion\n|-crit|p1a: Typhlosion\n|-damage|p1a: Typhlosion|3/100 par\n|cant|p1a: Typhlosion|par\n|\n|-heal|p2a: Zamazenta|100/100|[from] item: Leftovers\n|upkeep\n|turn|11\n|inactive|sweetboy1 has 60 seconds left.\n|\n|t:|1788270441\n|move|p2a: Zamazenta|Crunch|p1a: Typhlosion\n|-supereffective|p1a: Typhlosion\n|-damage|p1a: Typhlosion|0 fnt\n|faint|p1a: Typhlosion\n|\n|upkeep\n|inactive|2A6O5+++ has 120 seconds left.\n|\n|t:|1788270451\n|switch|p1a: Hatterene|Hatterene, F|97/100 par\n|turn|12\n|inactive|sweetboy1 has 60 seconds left.\n|\n|t:|1788270467\n|switch|p2a: Landorus|Landorus-Therian, M|100/100\n|-ability|p2a: Landorus|Intimidate|boost\n|-unboost|p1a: Hatterene|atk|1\n|move|p1a: Hatterene|Dazzling Gleam|p2a: Landorus\n|-damage|p2a: Landorus|54/100\n|\n|upkeep\n|turn|13\n|inactive|sweetboy1 has 60 seconds left.\n|\n|t:|1788270479\n|switch|p2a: Ceruledge|Ceruledge, M|100/100\n|move|p1a: Hatterene|Dazzling Gleam|p2a: Ceruledge\n|-resisted|p2a: Ceruledge\n|-damage|p2a: Ceruledge|78/100\n|\n|upkeep\n|turn|14\n|inactive|sweetboy1 has 60 seconds left.\n|\n|t:|1788270491\n|switch|p2a: Landorus|Landorus-Therian, M|54/100\n|-ability|p2a: Landorus|Intimidate|boost\n|-unboost|p1a: Hatterene|atk|1\n|switch|p1a: Ninetales|Ninetales, M|100/100\n|-weather|SunnyDay|[from] ability: Drought|[of] p1a: Ninetales\n|\n|-weather|SunnyDay|[upkeep]\n|upkeep\n|turn|15\n|\n|t:|1788270500\n|switch|p1a: Lilligant|Lilligant-Hisui, F|100/100\n|move|p2a: Landorus|Earthquake|p1a: Lilligant\n|-resisted|p1a: Lilligant\n|-damage|p1a: Lilligant|56/100\n|\n|-weather|SunnyDay|[upkeep]\n|upkeep\n|turn|16\n|inactive|sweetboy1 has 60 seconds left.\n|\n|t:|1788270525\n|switch|p2a: Ceruledge|Ceruledge, M|78/100\n|move|p1a: Lilligant|Victory Dance|p1a: Lilligant\n|-boost|p1a: Lilligant|atk|1\n|-boost|p1a: Lilligant|def|1\n|-boost|p1a: Lilligant|spe|1\n|\n|-weather|SunnyDay|[upkeep]\n|upkeep\n|turn|17\n|\n|t:|1788270559\n|move|p2a: Ceruledge|Shadow Sneak|p1a: Lilligant\n|-damage|p1a: Lilligant|37/100\n|move|p1a: Lilligant|Triple Axel|p2a: Ceruledge|[miss]\n|-miss|p1a: Lilligant|p2a: Ceruledge\n|\n|-weather|SunnyDay|[upkeep]\n|upkeep\n|turn|18\n|inactive|2A6O5+++ has 120 seconds left.\n|inactive|sweetboy1 has 30 seconds left.\n|\n|t:|1788270581\n|move|p2a: Ceruledge|Shadow Sneak|p1a: Lilligant\n|-damage|p1a: Lilligant|19/100\n|move|p1a: Lilligant|Leaf Blade|p2a: Ceruledge\n|-resisted|p2a: Ceruledge\n|-damage|p2a: Ceruledge|41/100\n|-ability|p2a: Ceruledge|Weak Armor|boost\n|-unboost|p2a: Ceruledge|def|1\n|-boost|p2a: Ceruledge|spe|2\n|\n|-weather|SunnyDay|[upkeep]\n|upkeep\n|turn|19\n|inactive|2A6O5+++ has 120 seconds left.\n|inactive|sweetboy1 has 30 seconds left.\n|\n|t:|1788270591\n|move|p2a: Ceruledge|Shadow Sneak|p1a: Lilligant\n|-damage|p1a: Lilligant|0 fnt\n|faint|p1a: Lilligant\n|\n|-weather|SunnyDay|[upkeep]\n|upkeep\n|inactive|2A6O5+++ has 120 seconds left.\n|\n|t:|1788270602\n|switch|p1a: Great Tusk|Great Tusk|84/100\n|-activate|p1a: Great Tusk|ability: Protosynthesis\n|-start|p1a: Great Tusk|protosynthesisatk\n|turn|20\n|inactive|2A6O5+++ has 120 seconds left.\n|\n|t:|1788270610\n|move|p2a: Ceruledge|Bitter Blade|p1a: Great Tusk\n|-damage|p1a: Great Tusk|36/100\n|-heal|p2a: Ceruledge|76/100|[from] drain|[of] p1a: Great Tusk\n|move|p1a: Great Tusk|Stone Edge|p2a: Ceruledge\n|-supereffective|p2a: Ceruledge\n|-damage|p2a: Ceruledge|0 fnt\n|faint|p2a: Ceruledge\n|\n|-weather|SunnyDay|[upkeep]\n|upkeep\n|\n|t:|1788270625\n|switch|p2a: Landorus|Landorus-Therian, M|54/100\n|-ability|p2a: Landorus|Intimidate|boost\n|-unboost|p1a: Great Tusk|atk|1\n|turn|21\n|\n|t:|1788270630\n|-end|p1a: Great Tusk|Protosynthesis|[silent]\n|switch|p1a: Hatterene|Hatterene, F|97/100 par\n|move|p2a: Landorus|Earthquake|p1a: Hatterene\n|-damage|p1a: Hatterene|30/100 par\n|\n|-weather|none\n|upkeep\n|turn|22\n|\n|t:|1788270637\n|move|p2a: Landorus|Earthquake|p1a: Hatterene\n|-damage|p1a: Hatterene|0 fnt\n|faint|p1a: Hatterene\n|\n|upkeep\n|\n|t:|1788270640\n|switch|p1a: Walking Wake|Walking Wake|34/100\n|turn|23\n|\n|t:|1788270653\n|switch|p2a: Ogerpon|Ogerpon-Wellspring, F|100/100\n|move|p1a: Walking Wake|Draco Meteor|p2a: Ogerpon\n|-damage|p2a: Ogerpon|0 fnt\n|-unboost|p1a: Walking Wake|spa|2\n|faint|p2a: Ogerpon\n|\n|upkeep\n|inactive|sweetboy1 has 60 seconds left.\n|\n|t:|1788270677\n|switch|p2a: Hatterene|Hatterene, F, tera:Water|78/100\n|turn|24\n|\n|t:|1788270688\n|-end|p1a: Walking Wake|Protosynthesis|[silent]\n|switch|p1a: Ninetales|Ninetales, M|100/100\n|-weather|SunnyDay|[from] ability: Drought|[of] p1a: Ninetales\n|move|p2a: Hatterene|Nuzzle|p1a: Ninetales\n|-damage|p1a: Ninetales|95/100\n|-status|p1a: Ninetales|par\n|\n|-weather|SunnyDay|[upkeep]\n|upkeep\n|turn|25\n|\n|t:|1788270705\n|cant|p1a: Ninetales|par\n|move|p2a: Hatterene|Psyshock|p1a: Ninetales\n|-damage|p1a: Ninetales|43/100 par\n|\n|-weather|SunnyDay|[upkeep]\n|upkeep\n|turn|26\n|inactive|sweetboy1 has 60 seconds left.\n|\n|t:|1788270714\n|move|p1a: Ninetales|Healing Wish|p1a: Ninetales\n|faint|p1a: Ninetales\n|move|p2a: Hatterene|Psyshock|p1: Ninetales|[notarget]\n|-fail|p2a: Hatterene\n|\n|-weather|SunnyDay|[upkeep]\n|upkeep\n|\n|t:|1788270720\n|switch|p1a: Walking Wake|Walking Wake|34/100\n|-heal|p1a: Walking Wake|100/100|[from] move: Healing Wish\n|-activate|p1a: Walking Wake|ability: Protosynthesis\n|-start|p1a: Walking Wake|protosynthesisspe\n|turn|27\n|inactive|2A6O5+++ has 120 seconds left.\n|\n|t:|1788270756\n|move|p1a: Walking Wake|Draco Meteor|p2a: Hatterene\n|-damage|p2a: Hatterene|16/100\n|-unboost|p1a: Walking Wake|spa|2\n|move|p2a: Hatterene|Nuzzle|p1a: Walking Wake\n|-damage|p1a: Walking Wake|96/100\n|-status|p1a: Walking Wake|par\n|\n|-weather|SunnyDay|[upkeep]\n|upkeep\n|turn|28\n|inactive|2A6O5+++ has 120 seconds left.\n|\n|t:|1788270767\n|-end|p1a: Walking Wake|Protosynthesis|[silent]\n|switch|p1a: Great Tusk|Great Tusk|36/100\n|-activate|p1a: Great Tusk|ability: Protosynthesis\n|-start|p1a: Great Tusk|protosynthesisatk\n|move|p2a: Hatterene|Draining Kiss|p1a: Great Tusk\n|-supereffective|p1a: Great Tusk\n|-damage|p1a: Great Tusk|0 fnt\n|-heal|p2a: Hatterene|52/100|[from] drain|[of] p1a: Great Tusk\n|faint|p1a: Great Tusk\n|-end|p1a: Great Tusk|Protosynthesis|[silent]\n|\n|-weather|SunnyDay|[upkeep]\n|upkeep\n|-message|2A6O5+++ forfeited.\n|\n|win|sweetboy1\n|raw|2A6O5+++'s rating: 1382 &rarr; <strong>1363</strong><br />(-19 for losing)\n|raw|sweetboy1's rating: 1407 &rarr; <strong>1426</strong><br />(+19 for winning)\n|l|\u26062A6O5+++\n|player|p1|\n|l|\u2606sweetboy1\n|player|p2|\n", "uploadtime": 1788270940, "views": "5", "formatid": "gen9ou", "rating": 1363, "private": 0, "password": null}