{"id": "gen9ou-2673874209", "format": "[Gen 9] OU", "players": ["idonteatanything", "guilmon2009"], "log": "|j|\u2606idonteatanything\n|j|\u2606guilmon2009\n|t:|1788271601\n|gametype|singles\n|player|p1|idonteatanything|265|1356\n|player|p2|guilmon2009|266|1477\n|gen|9\n|tier|[Gen 9] OU\n|rated|\n|rule|HP Percentage Mod: HP is shown in percentages\n|rule|Endless Battle Clause: Forcing endless battles is banned\n|rule|Species Clause: Limit one of each Pok\u00e9mon\n|rule|OHKO Clause: OHKO moves are banned\n|rule|Evasion Items Clause: Evasion items are banned\n|rule|Evasion Moves Clause: Evasion moves are banned\n|rule|Evasion Abilities Clause: Evasion abilities are banned\n|rule|Sleep Moves Clause: Sleep-inducing moves are banned\n|clearpoke\n|poke|p1|Torkoal, M|\n|poke|p1|Charizard, M|\n|poke|p1|Walking Wake|\n|poke|p1|Lilligant-Hisui, F|\n|poke|p1|Great Tusk|\n|poke|p1|Raging Bolt|\n|poke|p2|Kingambit, F|\n|poke|p2|Pecharunt|\n|poke|p2|Rillaboom, M|\n|poke|p2|Moltres|\n|poke|p2|Iron Valiant|\n|poke|p2|Iron Treads|\n|teampreview\n|\n|t:|1788271637\n|teamsize|p1|6\n|teamsize|p2|6\n|start\n|switch|p1a: Torkoal|Torkoal, M|100/100\n|switch|p2a: Moltres|Moltres|100/100\n|-weather|SunnyDay|[from] ability: Drought|[of] p1a: Torkoal\n|turn|1\n|\n|t:|1788271655\n|move|p2a: Moltres|U-turn|p1a: Torkoal\n|-resisted|p1a: Torkoal\n|-damage|p1a: Torkoal|96/100\n|\n|t:|1788271661\n|switch|p2a: Pecharunt|Pecharunt|100/100|[from] U-turn\n|move|p1a: Torkoal|Stealth Rock|p2a: Pecharunt\n|-sidestart|p2: guilmon2009|move: Stealth Rock\n|\n|-weather|SunnyDay|[upkeep]\n|upkeep\n|turn|2\n|\n|t:|1788271671\n|move|p2a: Pecharunt|Malignant Chain|p1a: Torkoal\n|-damage|p1a: Torkoal|53/100\n|move|p1a: Torkoal|Eruption|p2a: Pecharunt\n|-crit|p2a: Pecharunt\n|-damage|p2a: Pecharunt|27/100\n|\n|-weather|SunnyDay|[upkeep]\n|upkeep\n|turn|3\n|\n|t:|1788271679\n|switch|p1a: Charizard|Charizard, M|100/100\n|move|p2a: Pecharunt|Recover|p2a: Pecharunt\n|-heal|p2a: Pecharunt|78/100\n|\n|-weather|SunnyDay|[upkeep]\n|-damage|p1a: Charizard|88/100|[from] ability: Solar Power|[of] p1a: Charizard\n|upkeep\n|turn|4\n|\n|t:|1788271689\n|switch|p2a: Moltres|Moltres|100/100\n|move|p1a: Charizard|Overheat|p2a: Moltres\n|-resisted|p2a: Moltres\n|-damage|p2a: Moltres|0 fnt\n|-unboost|p1a: Charizard|spa|2\n|faint|p2a: Moltres\n|\n|-weather|SunnyDay|[upkeep]\n|-damage|p1a: Charizard|76/100|[from] ability: Solar Power|[of] p1a: Charizard\n|upkeep\n|\n|t:|1788271705\n|switch|p2a: Kingambit|Kingambit, F|100/100\n|-damage|p2a: Kingambit|94/100|[from] Stealth Rock\n|-activate|p2a: Kingambit|ability: Supreme Overlord\n|-start|p2a: Kingambit|fallen1|[silent]\n|turn|5\n|\n|t:|1788271725\n|-end|p2a: Kingambit|fallen1|[silent]\n|switch|p2a: Iron Treads|Iron Treads|100/100\n|-damage|p2a: Iron Treads|98/100|[from] Stealth Rock\n|move|p1a: Charizard|Overheat|p2a: Iron Treads\n|-supereffective|p2a: Iron Treads\n|-damage|p2a: Iron Treads|0 fnt\n|-unboost|p1a: Charizard|spa|2\n|faint|p2a: Iron Treads\n|-end|p2a: Iron Treads|Quark Drive|[silent]\n|\n|-weather|SunnyDay|[upkeep]\n|-damage|p1a: Charizard|63/100|[from] ability: Solar Power|[of] p1a: Charizard\n|upkeep\n|-message|guilmon2009 forfeited.\n|\n|win|idonteatanything\n|raw|idonteatanything's rating: 1356 &rarr; <strong>1383</strong><br />(+27 for winning)\n|raw|guilmon2009's rating: 1477 &rarr; <strong>1450</strong><br />(-27 for losing)\n|l|\u2606guilmon2009\n|player|p2|\n", "uploadtime": 1788271890, "views": "0", "formatid": "gen9ou", "rating": 1383, "private": 0, "password": null}