{"id": "gen9ou-2674043787", "format": "[Gen 9] OU", "players": ["Thatgenyou", "Hunter_of_Keys"], "log": "|j|\u2606Thatgenyou\n|j|\u2606Hunter_of_Keys\n|t:|1788291850\n|gametype|singles\n|player|p1|Thatgenyou|170|1483\n|player|p2|Hunter_of_Keys|veteran|1507\n|gen|9\n|tier|[Gen 9] OU\n|rated|\n|rule|HP Percentage Mod: HP is shown in percentages\n|rule|Endless Battle Clause: Forcing endless battles is banned\n|rule|Species Clause: Limit one of each Pok\u00e9mon\n|rule|OHKO Clause: OHKO moves are banned\n|rule|Evasion Items Clause: Evasion items are banned\n|rule|Evasion Moves Clause: Evasion moves are banned\n|rule|Evasion Abilities Clause: Evasion abilities are banned\n|rule|Sleep Moves Clause: Sleep-inducing moves are banned\n|clearpoke\n|poke|p1|Latios, M|\n|poke|p1|Kyurem|\n|poke|p1|Clefable, M|\n|poke|p1|Scizor, M|\n|poke|p1|Landorus-Therian, M|\n|poke|p1|Kingambit, M|\n|poke|p2|Gallade, M|\n|poke|p2|Armarouge, F|\n|poke|p2|Indeedee, M|\n|poke|p2|Cresselia, F|\n|poke|p2|Rabsca, M|\n|poke|p2|Espeon, F|\n|teampreview\n|inactive|Battle timer is ON: inactive players will automatically lose when time's up. (requested by Hunter_of_Keys)\n|\n|t:|1788291877\n|teamsize|p1|6\n|teamsize|p2|6\n|start\n|switch|p1a: Kingambit|Kingambit, M, shiny|100/100\n|switch|p2a: Cresselia|Cresselia, F|100/100\n|turn|1\n|\n|t:|1788291886\n|move|p2a: Cresselia|Thunder Wave|p1a: Kingambit\n|-status|p1a: Kingambit|par\n|-enditem|p1a: Kingambit|Lum Berry|[eat]\n|-curestatus|p1a: Kingambit|par|[msg]\n|move|p1a: Kingambit|Kowtow Cleave|p2a: Cresselia\n|-supereffective|p2a: Cresselia\n|-damage|p2a: Cresselia|42/100\n|-damage|p1a: Kingambit|84/100|[from] item: Rocky Helmet|[of] p2a: Cresselia\n|\n|upkeep\n|turn|2\n|\n|t:|1788291895\n|-end|p1a: Kingambit|fallenundefined|[silent]\n|switch|p1a: Landorus|Landorus-Therian, M, shiny|100/100\n|-ability|p1a: Landorus|Intimidate|boost\n|-unboost|p2a: Cresselia|atk|1\n|move|p2a: Cresselia|Lunar Dance|p2a: Cresselia\n|faint|p2a: Cresselia\n|\n|upkeep\n|\n|t:|1788291902\n|switch|p2a: Indeedee|Indeedee, M|100/100\n|-fieldstart|move: Psychic Terrain|[from] ability: Psychic Surge|[of] p2a: Indeedee\n|turn|3\n|\n|t:|1788291909\n|switch|p2a: Armarouge|Armarouge, F|100/100\n|move|p1a: Landorus|U-turn|p2a: Armarouge\n|-damage|p2a: Armarouge|71/100\n|-ability|p2a: Armarouge|Weak Armor|boost\n|-unboost|p2a: Armarouge|def|1\n|-boost|p2a: Armarouge|spe|2\n|\n|t:|1788291936\n|switch|p1a: Latios|Latios, M, shiny|100/100|[from] U-turn\n|\n|upkeep\n|turn|4\n|\n|t:|1788291943\n|switch|p2a: Espeon|Espeon, F|100/100\n|move|p1a: Latios|Draco Meteor|p2a: Espeon\n|-damage|p2a: Espeon|9/100\n|-unboost|p1a: Latios|spa|2\n|\n|upkeep\n|turn|5\n|inactive|Thatgenyou has 120 seconds left.\n|\n|t:|1788291968\n|-terastallize|p2a: Espeon|Fairy\n|move|p1a: Latios|Psychic Noise|p2a: Espeon\n|-damage|p2a: Espeon|0 fnt\n|faint|p2a: Espeon\n|\n|upkeep\n|\n|t:|1788291972\n|switch|p2a: Gallade|Gallade, M|100/100\n|turn|6\n|inactive|Thatgenyou has 120 seconds left.\n|\n|t:|1788291987\n|switch|p1a: Clefable|Clefable, M, shiny|100/100\n|move|p2a: Gallade|Ice Punch|p1a: Clefable\n|-damage|p1a: Clefable|82/100\n|-damage|p2a: Gallade|84/100|[from] item: Rocky Helmet|[of] p1a: Clefable\n|\n|upkeep\n|turn|7\n|inactive|Thatgenyou has 120 seconds left.\n|\n|t:|1788292010\n|move|p2a: Gallade|Psycho Cut|p1a: Clefable\n|-damage|p1a: Clefable|28/100\n|move|p1a: Clefable|Stealth Rock|p2a: Gallade\n|-sidestart|p2: Hunter_of_Keys|move: Stealth Rock\n|\n|upkeep\n|turn|8\n|\n|t:|1788292026\n|move|p2a: Gallade|Psycho Cut|p1a: Clefable\n|-damage|p1a: Clefable|0 fnt\n|faint|p1a: Clefable\n|\n|upkeep\n|\n|t:|1788292037\n|switch|p1a: Landorus|Landorus-Therian, M, shiny|100/100\n|-ability|p1a: Landorus|Intimidate|boost\n|-unboost|p2a: Gallade|atk|1\n|turn|9\n|\n|t:|1788292047\n|-terastallize|p1a: Landorus|Ground\n|move|p1a: Landorus|Earthquake|p2a: Gallade\n|-damage|p2a: Gallade|0 fnt\n|faint|p2a: Gallade\n|\n|upkeep\n|\n|t:|1788292051\n|switch|p2a: Rabsca|Rabsca, M|100/100\n|-damage|p2a: Rabsca|76/100|[from] Stealth Rock\n|turn|10\n|\n|t:|1788292067\n|move|p1a: Landorus|Earthquake|p2a: Rabsca\n|-resisted|p2a: Rabsca\n|-damage|p2a: Rabsca|45/100\n|move|p2a: Rabsca|Speed Swap|p1a: Landorus\n|-activate|p2a: Rabsca|move: Speed Swap|[of] p1a: Landorus\n|\n|-fieldend|move: Psychic Terrain\n|upkeep\n|turn|11\n|\n|t:|1788292077\n|switch|p1a: Scizor|Scizor, M, shiny|100/100\n|move|p2a: Rabsca|Revival Blessing|p2a: Rabsca\n|-enditem|p2a: Rabsca|Leppa Berry|[eat]\n|-activate|p2a: Rabsca|item: Leppa Berry|Revival Blessing|[consumed]\n|\n|t:|1788292086\n|-heal|p2: Cresselia|50/100|[from] move: Revival Blessing\n|\n|upkeep\n|turn|12\n|\n|t:|1788292095\n|move|p2a: Rabsca|Revival Blessing|p2a: Rabsca\n|\n|t:|1788292103\n|-heal|p2: Gallade|50/100|[from] move: Revival Blessing\n|move|p1a: Scizor|Knock Off|p2a: Rabsca\n|-supereffective|p2a: Rabsca\n|-damage|p2a: Rabsca|0 fnt\n|faint|p2a: Rabsca\n|\n|upkeep\n|\n|t:|1788292112\n|switch|p2a: Indeedee|Indeedee, M|100/100\n|-damage|p2a: Indeedee|88/100|[from] Stealth Rock\n|-fieldstart|move: Psychic Terrain|[from] ability: Psychic Surge|[of] p2a: Indeedee\n|turn|13\n|\n|t:|1788292132\n|move|p2a: Indeedee|Healing Wish|p2a: Indeedee\n|faint|p2a: Indeedee\n|move|p1a: Scizor|U-turn|p2: Indeedee|[notarget]\n|-fail|p1a: Scizor\n|\n|upkeep\n|\n|t:|1788292133\n|switch|p2a: Armarouge|Armarouge, F|71/100\n|-heal|p2a: Armarouge|100/100|[from] move: Lunar Dance\n|-damage|p2a: Armarouge|75/100|[from] Stealth Rock\n|turn|14\n|\n|t:|1788292156\n|move|p2a: Armarouge|Expanding Force|p1a: Scizor\n|-resisted|p1a: Scizor\n|-damage|p1a: Scizor|54/100\n|move|p1a: Scizor|Knock Off|p2a: Armarouge\n|-supereffective|p2a: Armarouge\n|-damage|p2a: Armarouge|0 fnt\n|-enditem|p2a: Armarouge|Weakness Policy|[from] move: Knock Off|[of] p1a: Scizor\n|faint|p2a: Armarouge\n|\n|upkeep\n|\n|t:|1788292161\n|switch|p2a: Gallade|Gallade, M|50/100\n|-heal|p2a: Gallade|100/100|[from] move: Healing Wish\n|-damage|p2a: Gallade|94/100|[from] Stealth Rock\n|turn|15\n|\n|t:|1788292179\n|switch|p1a: Landorus|Landorus-Therian, M, shiny, tera:Ground|100/100\n|-ability|p1a: Landorus|Intimidate|boost\n|-unboost|p2a: Gallade|atk|1\n|move|p2a: Gallade|Sacred Sword|p1a: Landorus\n|-damage|p1a: Landorus|48/100\n|\n|upkeep\n|turn|16\n|\n|t:|1788292183\n|move|p1a: Landorus|U-turn|p2a: Gallade\n|-damage|p2a: Gallade|45/100\n|\n|t:|1788292188\n|switch|p1a: Scizor|Scizor, M, shiny|54/100|[from] U-turn\n|move|p2a: Gallade|Sacred Sword|p1a: Scizor\n|-damage|p1a: Scizor|9/100\n|-enditem|p1a: Scizor|Sitrus Berry|[eat]\n|-heal|p1a: Scizor|34/100|[from] item: Sitrus Berry\n|\n|upkeep\n|turn|17\n|\n|t:|1788292197\n|move|p2a: Gallade|Psycho Cut|p1a: Scizor\n|-resisted|p1a: Scizor\n|-damage|p1a: Scizor|10/100\n|move|p1a: Scizor|U-turn|p2a: Gallade\n|-damage|p2a: Gallade|0 fnt\n|faint|p2a: Gallade\n|\n|t:|1788292207\n|switch|p1a: Landorus|Landorus-Therian, M, shiny, tera:Ground|48/100|[from] U-turn\n|\n|upkeep\n|\n|t:|1788292210\n|switch|p2a: Cresselia|Cresselia, F|50/100\n|-damage|p2a: Cresselia|38/100|[from] Stealth Rock\n|turn|18\n|\n|t:|1788292214\n|move|p1a: Landorus|U-turn|p2a: Cresselia\n|-supereffective|p2a: Cresselia\n|-damage|p2a: Cresselia|6/100\n|-damage|p1a: Landorus|32/100|[from] item: Rocky Helmet|[of] p2a: Cresselia\n|\n|t:|1788292216\n|switch|p1a: Scizor|Scizor, M, shiny|10/100|[from] U-turn\n|move|p2a: Cresselia|Ice Beam|p1a: Scizor\n|-resisted|p1a: Scizor\n|-damage|p1a: Scizor|1/100\n|\n|upkeep\n|turn|19\n|\n|t:|1788292222\n|switch|p1a: Kingambit|Kingambit, M, shiny|84/100\n|-activate|p1a: Kingambit|ability: Supreme Overlord\n|-start|p1a: Kingambit|fallen1|[silent]\n|move|p2a: Cresselia|Thunderbolt|p1a: Kingambit\n|-damage|p1a: Kingambit|66/100\n|\n|upkeep\n|turn|20\n|\n|t:|1788292227\n|move|p2a: Cresselia|Thunder Wave|p1a: Kingambit\n|-status|p1a: Kingambit|par\n|move|p1a: Kingambit|Kowtow Cleave|p2a: Cresselia\n|-supereffective|p2a: Cresselia\n|-damage|p2a: Cresselia|0 fnt\n|-damage|p1a: Kingambit|50/100 par|[from] item: Rocky Helmet|[of] p2a: Cresselia\n|faint|p2a: Cresselia\n|\n|win|Thatgenyou\n|raw|Thatgenyou's rating: 1483 &rarr; <strong>1504</strong><br />(+21 for winning)\n|raw|Hunter_of_Keys's rating: 1507 &rarr; <strong>1486</strong><br />(-21 for losing)\n", "uploadtime": 1788292228, "views": "1", "formatid": "gen9ou", "rating": 1486, "private": 0, "password": null}