{"id": "gen9ou-2674000347", "format": "[Gen 9] OU", "players": ["Xdarkes", "Buhnack"], "log": "|j|\u203dXdarkes\n|j|\u2606Buhnack\n|t:|1788286698\n|gametype|singles\n|player|p1|Xdarkes|unknown|1477\n|player|p2|Buhnack|169|1465\n|gen|9\n|tier|[Gen 9] OU\n|rated|\n|rule|HP Percentage Mod: HP is shown in percentages\n|rule|Endless Battle Clause: Forcing endless battles is banned\n|rule|Species Clause: Limit one of each Pok\u00e9mon\n|rule|OHKO Clause: OHKO moves are banned\n|rule|Evasion Items Clause: Evasion items are banned\n|rule|Evasion Moves Clause: Evasion moves are banned\n|rule|Evasion Abilities Clause: Evasion abilities are banned\n|rule|Sleep Moves Clause: Sleep-inducing moves are banned\n|clearpoke\n|poke|p1|Hatterene, F|\n|poke|p1|Indeedee, M|\n|poke|p1|Hawlucha, M|\n|poke|p1|Conkeldurr, M|\n|poke|p1|Armarouge, M|\n|poke|p1|Lokix, F|\n|poke|p2|Kyurem|\n|poke|p2|Dragonite, F|\n|poke|p2|Pecharunt|\n|poke|p2|Zamazenta-*|\n|poke|p2|Iron Treads|\n|poke|p2|Samurott-Hisui, F|\n|teampreview\n|inactive|Battle timer is ON: inactive players will automatically lose when time's up. (requested by Xdarkes)\n|inactive|Buhnack has 120 seconds left.\n|\n|t:|1788286736\n|teamsize|p1|6\n|teamsize|p2|6\n|start\n|switch|p1a: Lokix|Lokix, F|100/100\n|switch|p2a: Iron Treads|Iron Treads, shiny|100/100\n|turn|1\n|\n|t:|1788286746\n|switch|p1a: Hatterene|Hatterene, F|100/100\n|move|p2a: Iron Treads|Stealth Rock|p1a: Hatterene\n|move|p1a: Hatterene|Stealth Rock|p2a: Iron Treads|[from] ability: Magic Bounce\n|-sidestart|p2: Buhnack|move: Stealth Rock\n|\n|upkeep\n|turn|2\n|\n|t:|1788286756\n|switch|p1a: Indeedee|Indeedee, M|100/100\n|-fieldstart|move: Psychic Terrain|[from] ability: Psychic Surge|[of] p1a: Indeedee\n|move|p2a: Iron Treads|Knock Off|p1a: Indeedee\n|-supereffective|p1a: Indeedee\n|-damage|p1a: Indeedee|17/100\n|-enditem|p1a: Indeedee|Terrain Extender|[from] move: Knock Off|[of] p2a: Iron Treads\n|\n|upkeep\n|turn|3\n|\n|t:|1788286774\n|switch|p1a: Hatterene|Hatterene, F|100/100\n|move|p2a: Iron Treads|Rapid Spin|p1a: Hatterene\n|-damage|p1a: Hatterene|86/100\n|-boost|p2a: Iron Treads|spe|1\n|-damage|p2a: Iron Treads|84/100|[from] item: Rocky Helmet|[of] p1a: Hatterene\n|-sideend|p2: Buhnack|Stealth Rock|[from] move: Rapid Spin|[of] p2a: Iron Treads\n|\n|-heal|p2a: Iron Treads|90/100|[from] item: Leftovers\n|upkeep\n|turn|4\n|\n|t:|1788286782\n|move|p2a: Iron Treads|Knock Off|p1a: Hatterene\n|-damage|p1a: Hatterene|61/100\n|-damage|p2a: Iron Treads|73/100|[from] item: Rocky Helmet|[of] p1a: Hatterene\n|-enditem|p1a: Hatterene|Rocky Helmet|[from] move: Knock Off|[of] p2a: Iron Treads\n|move|p1a: Hatterene|Mystical Fire|p2a: Iron Treads\n|-supereffective|p2a: Iron Treads\n|-damage|p2a: Iron Treads|25/100\n|-unboost|p2a: Iron Treads|spa|1\n|\n|-heal|p2a: Iron Treads|32/100|[from] item: Leftovers\n|upkeep\n|turn|5\n|\n|t:|1788286808\n|-end|p2a: Iron Treads|Quark Drive|[silent]\n|switch|p2a: Samurott|Samurott-Hisui, F, shiny|100/100\n|move|p1a: Hatterene|Expanding Force|p2a: Samurott\n|-immune|p2a: Samurott\n|\n|upkeep\n|turn|6\n|\n|t:|1788286816\n|move|p2a: Samurott|Razor Shell|p1a: Hatterene\n|-damage|p1a: Hatterene|3/100\n|-unboost|p1a: Hatterene|def|1\n|move|p1a: Hatterene|Dazzling Gleam|p2a: Samurott\n|-supereffective|p2a: Samurott\n|-damage|p2a: Samurott|39/100\n|\n|upkeep\n|turn|7\n|\n|t:|1788286831\n|move|p2a: Samurott|Ceaseless Edge|p1a: Hatterene\n|-damage|p1a: Hatterene|0 fnt\n|-sidestart|p1: Xdarkes|Spikes\n|faint|p1a: Hatterene\n|\n|upkeep\n|\n|t:|1788286836\n|switch|p1a: Hawlucha|Hawlucha, M|100/100\n|-enditem|p1a: Hawlucha|Psychic Seed\n|-boost|p1a: Hawlucha|spd|1|[from] item: Psychic Seed\n|turn|8\n|inactive|Buhnack has 120 seconds left.\n|\n|t:|1788286891\n|switch|p2a: Pecharunt|Pecharunt|100/100\n|move|p1a: Hawlucha|Swords Dance|p1a: Hawlucha\n|-boost|p1a: Hawlucha|atk|2\n|\n|upkeep\n|turn|9\n|inactive|Xdarkes has 120 seconds left.\n|\n|t:|1788286909\n|-terastallize|p1a: Hawlucha|Flying\n|move|p1a: Hawlucha|Acrobatics|p2a: Pecharunt\n|-damage|p2a: Pecharunt|33/100\n|move|p2a: Pecharunt|Toxic|p1a: Hawlucha\n|-status|p1a: Hawlucha|tox\n|-start|p1a: Hawlucha|confusion|[from] ability: Poison Puppeteer|[of] p2a: Pecharunt\n|\n|-damage|p1a: Hawlucha|94/100 tox|[from] psn\n|-fieldend|move: Psychic Terrain\n|upkeep\n|turn|10\n|\n|t:|1788286919\n|switch|p2a: Samurott|Samurott-Hisui, F, shiny|39/100\n|-activate|p1a: Hawlucha|confusion\n|move|p1a: Hawlucha|Acrobatics|p2a: Samurott\n|-damage|p2a: Samurott|0 fnt\n|faint|p2a: Samurott\n|\n|-damage|p1a: Hawlucha|82/100 tox|[from] psn\n|upkeep\n|\n|t:|1788286926\n|switch|p2a: Iron Treads|Iron Treads, shiny|32/100\n|turn|11\n|\n|t:|1788286932\n|-activate|p1a: Hawlucha|confusion\n|move|p1a: Hawlucha|Acrobatics|p2a: Iron Treads\n|-resisted|p2a: Iron Treads\n|-damage|p2a: Iron Treads|0 fnt\n|faint|p2a: Iron Treads\n|-end|p2a: Iron Treads|Quark Drive|[silent]\n|\n|-damage|p1a: Hawlucha|64/100 tox|[from] psn\n|upkeep\n|\n|t:|1788286938\n|switch|p2a: Pecharunt|Pecharunt|33/100\n|turn|12\n|inactive|Buhnack has 120 seconds left.\n|\n|t:|1788286945\n|-activate|p1a: Hawlucha|confusion\n|move|p1a: Hawlucha|Acrobatics|p2a: Pecharunt\n|-damage|p2a: Pecharunt|0 fnt\n|faint|p2a: Pecharunt\n|\n|-damage|p1a: Hawlucha|39/100 tox|[from] psn\n|upkeep\n|inactive|Buhnack has 120 seconds left.\n|\n|t:|1788286958\n|switch|p2a: Dragonite|Dragonite, F, shiny|100/100\n|turn|13\n|\n|t:|1788286965\n|-activate|p1a: Hawlucha|confusion\n|-damage|p1a: Hawlucha|5/100 tox|[from] confusion\n|move|p2a: Dragonite|Dragon Dance|p2a: Dragonite\n|-boost|p2a: Dragonite|atk|1\n|-boost|p2a: Dragonite|spe|1\n|\n|-damage|p1a: Hawlucha|0 fnt|[from] psn\n|faint|p1a: Hawlucha\n|upkeep\n|\n|t:|1788286977\n|switch|p1a: Indeedee|Indeedee, M|17/100\n|-damage|p1a: Indeedee|5/100|[from] Spikes\n|-fieldstart|move: Psychic Terrain|[from] ability: Psychic Surge|[of] p1a: Indeedee\n|turn|14\n|\n|t:|1788286987\n|move|p2a: Dragonite|Earthquake|p1a: Indeedee\n|-damage|p1a: Indeedee|0 fnt\n|faint|p1a: Indeedee\n|\n|upkeep\n|\n|t:|1788287001\n|switch|p1a: Armarouge|Armarouge, M|100/100\n|-damage|p1a: Armarouge|88/100|[from] Spikes\n|turn|15\n|\n|t:|1788287005\n|move|p1a: Armarouge|Endure|p1a: Armarouge\n|-singleturn|p1a: Armarouge|move: Endure\n|move|p2a: Dragonite|Earthquake|p1a: Armarouge\n|-supereffective|p1a: Armarouge\n|-activate|p1a: Armarouge|move: Endure\n|-damage|p1a: Armarouge|1/100\n|-ability|p1a: Armarouge|Weak Armor|boost\n|-unboost|p1a: Armarouge|def|1\n|-boost|p1a: Armarouge|spe|2\n|-enditem|p1a: Armarouge|Weakness Policy\n|-boost|p1a: Armarouge|atk|2|[from] item: Weakness Policy\n|-boost|p1a: Armarouge|spa|2|[from] item: Weakness Policy\n|\n|upkeep\n|turn|16\n|\n|t:|1788287012\n|move|p1a: Armarouge|Expanding Force|p2a: Dragonite\n|-damage|p2a: Dragonite|5/100\n|move|p2a: Dragonite|Earthquake|p1a: Armarouge\n|-supereffective|p1a: Armarouge\n|-damage|p1a: Armarouge|0 fnt\n|faint|p1a: Armarouge\n|\n|upkeep\n|\n|t:|1788287020\n|switch|p1a: Conkeldurr|Conkeldurr, M|100/100\n|-damage|p1a: Conkeldurr|88/100|[from] Spikes\n|turn|17\n|\n|t:|1788287028\n|move|p2a: Dragonite|Earthquake|p1a: Conkeldurr\n|-damage|p1a: Conkeldurr|38/100\n|move|p1a: Conkeldurr|Drain Punch|p2a: Dragonite\n|-resisted|p2a: Dragonite\n|-damage|p2a: Dragonite|0 fnt\n|-heal|p1a: Conkeldurr|39/100|[from] drain|[of] p2a: Dragonite\n|faint|p2a: Dragonite\n|\n|-status|p1a: Conkeldurr|brn|[from] item: Flame Orb\n|upkeep\n|\n|t:|1788287034\n|switch|p2a: Zamazenta|Zamazenta, shiny|100/100\n|-ability|p2a: Zamazenta|Dauntless Shield|boost\n|-boost|p2a: Zamazenta|def|1\n|turn|18\n|\n|t:|1788287048\n|move|p2a: Zamazenta|Iron Defense|p2a: Zamazenta\n|-boost|p2a: Zamazenta|def|2\n|move|p1a: Conkeldurr|Drain Punch|p2a: Zamazenta\n|-damage|p2a: Zamazenta|77/100\n|-heal|p1a: Conkeldurr|50/100 brn|[from] drain|[of] p2a: Zamazenta\n|\n|-heal|p2a: Zamazenta|83/100|[from] item: Leftovers\n|-damage|p1a: Conkeldurr|44/100 brn|[from] brn\n|-fieldend|move: Psychic Terrain\n|upkeep\n|turn|19\n|\n|t:|1788287054\n|move|p2a: Zamazenta|Body Press|p1a: Conkeldurr\n|-damage|p1a: Conkeldurr|0 fnt\n|faint|p1a: Conkeldurr\n|\n|-heal|p2a: Zamazenta|89/100|[from] item: Leftovers\n|upkeep\n|\n|t:|1788287056\n|switch|p1a: Lokix|Lokix, F|100/100\n|-damage|p1a: Lokix|88/100|[from] Spikes\n|turn|20\n|\n|t:|1788287066\n|move|p1a: Lokix|First Impression|p2a: Zamazenta\n|-resisted|p2a: Zamazenta\n|-damage|p2a: Zamazenta|70/100\n|move|p2a: Zamazenta|Body Press|p1a: Lokix\n|-damage|p1a: Lokix|0 fnt\n|faint|p1a: Lokix\n|\n|win|Buhnack\n|raw|Xdarkes's rating: 1477 &rarr; <strong>1456</strong><br />(-21 for losing)\n|raw|Buhnack's rating: 1465 &rarr; <strong>1486</strong><br />(+21 for winning)\n|l|\u203dXdarkes\n|player|p1|\n|l|\u2606Buhnack\n|player|p2|\n", "uploadtime": 1788287244, "views": "0", "formatid": "gen9ou", "rating": 1456, "private": 0, "password": null}