{"id": "gen9ou-2674013689", "format": "[Gen 9] OU", "players": ["skeb", "viciouslies"], "log": "|j|\u2606skeb\n|j|\u2606viciouslies\n|t:|1788288241\n|gametype|singles\n|player|p1|skeb|101|1475\n|player|p2|viciouslies|beauty-gen4dp|1488\n|gen|9\n|tier|[Gen 9] OU\n|rated|\n|rule|HP Percentage Mod: HP is shown in percentages\n|rule|Endless Battle Clause: Forcing endless battles is banned\n|rule|Species Clause: Limit one of each Pok\u00e9mon\n|rule|OHKO Clause: OHKO moves are banned\n|rule|Evasion Items Clause: Evasion items are banned\n|rule|Evasion Moves Clause: Evasion moves are banned\n|rule|Evasion Abilities Clause: Evasion abilities are banned\n|rule|Sleep Moves Clause: Sleep-inducing moves are banned\n|clearpoke\n|poke|p1|Slowking-Galar, M|\n|poke|p1|Great Tusk|\n|poke|p1|Kyurem|\n|poke|p1|Kingambit, F|\n|poke|p1|Cinderace, F|\n|poke|p1|Zapdos|\n|poke|p2|Rillaboom, M|\n|poke|p2|Ogerpon-Wellspring, F|\n|poke|p2|Iron Treads|\n|poke|p2|Primarina, M|\n|poke|p2|Kingambit, M|\n|poke|p2|Slowking, M|\n|teampreview\n|inactive|Battle timer is ON: inactive players will automatically lose when time's up. (requested by viciouslies)\n|inactive|viciouslies has 120 seconds left.\n|\n|t:|1788288295\n|teamsize|p1|6\n|teamsize|p2|6\n|start\n|switch|p1a: Kyurem|Kyurem|100/100\n|switch|p2a: Slowking|Slowking, M|100/100\n|-ability|p1a: Kyurem|Pressure\n|turn|1\n|inactive|viciouslies has 120 seconds left.\n|\n|t:|1788288333\n|move|p1a: Kyurem|Freeze-Dry|p2a: Slowking\n|-supereffective|p2a: Slowking\n|-damage|p2a: Slowking|17/100\n|-prepare|p2a: Slowking|Chilly Reception|[premajor]\n|move|p2a: Slowking|Chilly Reception|p2a: Slowking\n|-weather|Snowscape\n|inactive|viciouslies has 90 seconds left.\n|inactive|viciouslies has 60 seconds left.\n|\n|t:|1788288395\n|switch|p2a: Primarina|Primarina, M|100/100|[from] Chilly Reception\n|\n|-weather|Snowscape|[upkeep]\n|upkeep\n|turn|2\n|inactive|skeb has 120 seconds left.\n|\n|t:|1788288427\n|switch|p1a: Slowking|Slowking-Galar, M|100/100\n|move|p2a: Primarina|Moonblast|p1a: Slowking\n|-resisted|p1a: Slowking\n|-damage|p1a: Slowking|88/100\n|\n|-weather|Snowscape|[upkeep]\n|upkeep\n|turn|3\n|\n|t:|1788288435\n|move|p2a: Primarina|Flip Turn|p1a: Slowking\n|-damage|p1a: Slowking|72/100\n|\n|t:|1788288441\n|switch|p2a: Iron Treads|Iron Treads|100/100|[from] Flip Turn\n|move|p1a: Slowking|Future Sight|p2a: Iron Treads\n|-start|p1a: Slowking|move: Future Sight\n|\n|-weather|Snowscape|[upkeep]\n|upkeep\n|turn|4\n|\n|t:|1788288449\n|move|p2a: Iron Treads|Stealth Rock|p1a: Slowking\n|-sidestart|p1: skeb|move: Stealth Rock\n|-prepare|p1a: Slowking|Chilly Reception|[premajor]\n|move|p1a: Slowking|Chilly Reception|p1a: Slowking\n|\n|t:|1788288451\n|switch|p1a: Great Tusk|Great Tusk|100/100|[from] Chilly Reception\n|-damage|p1a: Great Tusk|97/100|[from] Stealth Rock\n|\n|-weather|Snowscape|[upkeep]\n|-heal|p1a: Great Tusk|100/100|[from] item: Leftovers\n|upkeep\n|turn|5\n|inactive|viciouslies has 90 seconds left.\n|\n|t:|1788288465\n|-end|p2a: Iron Treads|Quark Drive|[silent]\n|switch|p2a: Primarina|Primarina, M|100/100\n|move|p1a: Great Tusk|Rapid Spin|p2a: Primarina\n|-damage|p2a: Primarina|80/100\n|-boost|p1a: Great Tusk|spe|1\n|-sideend|p1: skeb|Stealth Rock|[from] move: Rapid Spin|[of] p1a: Great Tusk\n|\n|-weather|none\n|-end|p2a: Primarina|move: Future Sight\n|-damage|p2a: Primarina|53/100\n|-heal|p2a: Primarina|59/100|[from] item: Leftovers\n|upkeep\n|turn|6\n|\n|t:|1788288471\n|-end|p1a: Great Tusk|Protosynthesis|[silent]\n|switch|p1a: Slowking|Slowking-Galar, M|100/100\n|move|p2a: Primarina|Moonblast|p1a: Slowking\n|-resisted|p1a: Slowking\n|-damage|p1a: Slowking|89/100\n|-unboost|p1a: Slowking|spa|1\n|\n|-heal|p2a: Primarina|65/100|[from] item: Leftovers\n|upkeep\n|turn|7\n|\n|t:|1788288478\n|move|p2a: Primarina|Flip Turn|p1a: Slowking\n|-damage|p1a: Slowking|75/100\n|\n|t:|1788288483\n|switch|p2a: Kingambit|Kingambit, M|100/100|[from] Flip Turn\n|-prepare|p1a: Slowking|Chilly Reception|[premajor]\n|move|p1a: Slowking|Chilly Reception|p1a: Slowking\n|-weather|Snowscape\n|\n|t:|1788288487\n|switch|p1a: Great Tusk|Great Tusk|100/100|[from] Chilly Reception\n|\n|-weather|Snowscape|[upkeep]\n|upkeep\n|turn|8\n|\n|t:|1788288494\n|switch|p2a: Rillaboom|Rillaboom, M|100/100\n|move|p1a: Great Tusk|Headlong Rush|p2a: Rillaboom\n|-resisted|p2a: Rillaboom\n|-damage|p2a: Rillaboom|75/100\n|-unboost|p1a: Great Tusk|def|1\n|-unboost|p1a: Great Tusk|spd|1\n|\n|-weather|Snowscape|[upkeep]\n|upkeep\n|turn|9\n|c|\u2606skeb|is that overgrown rilla ? wtf\n|c|\u2606viciouslies|girl jkasiohfowefwe\n|inactive|viciouslies has 90 seconds left.\n|c|\u2606viciouslies|atp...\n|c|\u2606viciouslies|gg\n|-message|viciouslies forfeited.\n|\n|win|skeb\n|raw|skeb's rating: 1475 &rarr; <strong>1496</strong><br />(+21 for winning)\n|raw|viciouslies's rating: 1488 &rarr; <strong>1467</strong><br />(-21 for losing)\n|l|\u2606viciouslies\n|player|p2|\n|c|\u2606skeb|gg\n|l|\u2606skeb\n|player|p1|\n", "uploadtime": 1788288741, "views": "1", "formatid": "gen9ou", "rating": 1467, "private": 0, "password": null}