{"id": "gen9ou-2673897394", "format": "[Gen 9] OU", "players": ["kangarooteam1", "go b3yond"], "log": "|j|\u2606kangarooteam1\n|j|\u2606go b3yond\n|t:|1788274466\n|gametype|singles\n|player|p1|kangarooteam1|1|1695\n|player|p2|go b3yond|waiter-gen4|1634\n|gen|9\n|tier|[Gen 9] OU\n|rated|\n|rule|HP Percentage Mod: HP is shown in percentages\n|rule|Endless Battle Clause: Forcing endless battles is banned\n|rule|Species Clause: Limit one of each Pok\u00e9mon\n|rule|OHKO Clause: OHKO moves are banned\n|rule|Evasion Items Clause: Evasion items are banned\n|rule|Evasion Moves Clause: Evasion moves are banned\n|rule|Evasion Abilities Clause: Evasion abilities are banned\n|rule|Sleep Moves Clause: Sleep-inducing moves are banned\n|clearpoke\n|poke|p1|Great Tusk|\n|poke|p1|Gholdengo|\n|poke|p1|Raging Bolt|\n|poke|p1|Iron Valiant|\n|poke|p1|Ogerpon-Wellspring, F|\n|poke|p1|Kingambit, M|\n|poke|p2|Vikavolt, M|\n|poke|p2|Iron Valiant|\n|poke|p2|Heatran, M|\n|poke|p2|Meowscarada, M|\n|poke|p2|Great Tusk|\n|poke|p2|Kingambit, F|\n|teampreview\n|inactive|Battle timer is ON: inactive players will automatically lose when time's up. (requested by kangarooteam1)\n|j| Sashannarcy\n|\n|t:|1788274492\n|teamsize|p1|6\n|teamsize|p2|6\n|start\n|switch|p1a: Great Tusk|Great Tusk|100/100\n|switch|p2a: Kiruma|Vikavolt, M, shiny|100/100\n|turn|1\n|\n|t:|1788274497\n|move|p1a: Great Tusk|Stealth Rock|p2a: Kiruma\n|-sidestart|p2: go b3yond|move: Stealth Rock\n|move|p2a: Kiruma|Energy Ball|p1a: Great Tusk\n|-supereffective|p1a: Great Tusk\n|-damage|p1a: Great Tusk|0 fnt\n|faint|p1a: Great Tusk\n|-end|p1a: Great Tusk|Protosynthesis|[silent]\n|\n|upkeep\n|\n|t:|1788274498\n|switch|p1a: Raging Bolt|Raging Bolt|100/100\n|turn|2\n|\n|t:|1788274502\n|switch|p2a: Rum|Iron Valiant, shiny|100/100\n|-damage|p2a: Rum|94/100|[from] Stealth Rock\n|-enditem|p2a: Rum|Booster Energy\n|-activate|p2a: Rum|ability: Quark Drive|[fromitem]\n|-start|p2a: Rum|quarkdrivespe\n|move|p1a: Raging Bolt|Calm Mind|p1a: Raging Bolt\n|-boost|p1a: Raging Bolt|spa|1\n|-boost|p1a: Raging Bolt|spd|1\n|\n|upkeep\n|turn|3\n|\n|t:|1788274506\n|move|p2a: Rum|Encore|p1a: Raging Bolt\n|-start|p1a: Raging Bolt|Encore\n|move|p1a: Raging Bolt|Calm Mind|p1a: Raging Bolt\n|-boost|p1a: Raging Bolt|spa|1\n|-boost|p1a: Raging Bolt|spd|1\n|\n|upkeep\n|turn|4\n|\n|t:|1788274509\n|move|p2a: Rum|Knock Off|p1a: Raging Bolt\n|-damage|p1a: Raging Bolt|77/100\n|-enditem|p1a: Raging Bolt|Leftovers|[from] move: Knock Off|[of] p2a: Rum\n|move|p1a: Raging Bolt|Calm Mind|p1a: Raging Bolt\n|-boost|p1a: Raging Bolt|spa|1\n|-boost|p1a: Raging Bolt|spd|1\n|\n|upkeep\n|turn|5\n|\n|t:|1788274516\n|-end|p1a: Raging Bolt|Protosynthesis|[silent]\n|switch|p1a: Kingambit|Kingambit, M|100/100\n|-activate|p1a: Kingambit|ability: Supreme Overlord\n|-start|p1a: Kingambit|fallen1|[silent]\n|move|p2a: Rum|Moonblast|p1a: Kingambit\n|-damage|p1a: Kingambit|55/100\n|\n|-heal|p1a: Kingambit|61/100|[from] item: Leftovers\n|upkeep\n|turn|6\n|\n|t:|1788274519\n|move|p2a: Rum|Close Combat|p1a: Kingambit\n|-supereffective|p1a: Kingambit\n|-damage|p1a: Kingambit|0 fnt\n|-unboost|p2a: Rum|def|1\n|-unboost|p2a: Rum|spd|1\n|faint|p1a: Kingambit\n|-end|p1a: Kingambit|fallen1|[silent]\n|\n|upkeep\n|\n|t:|1788274520\n|switch|p1a: Ogerpon|Ogerpon-Wellspring, F|100/100\n|turn|7\n|\n|t:|1788274524\n|-end|p2a: Rum|Quark Drive|[silent]\n|switch|p2a: Funny Valentine|Meowscarada, M, shiny|100/100\n|move|p1a: Ogerpon|Ivy Cudgel|p2a: Funny Valentine|[anim] Ivy Cudgel Water\n|-resisted|p2a: Funny Valentine\n|-damage|p2a: Funny Valentine|54/100\n|\n|upkeep\n|turn|8\n|\n|t:|1788274527\n|move|p2a: Funny Valentine|U-turn|p1a: Ogerpon\n|-start|p2a: Funny Valentine|typechange|Bug|[from] ability: Protean\n|-supereffective|p1a: Ogerpon\n|-damage|p1a: Ogerpon|17/100\n|\n|t:|1788274540\n|switch|p2a: L|Kingambit, F, shiny|100/100|[from] U-turn\n|-damage|p2a: L|94/100|[from] Stealth Rock\n|-item|p2a: L|Air Balloon\n|move|p1a: Ogerpon|U-turn|p2a: L\n|-damage|p2a: L|70/100\n|-enditem|p2a: L|Air Balloon\n|\n|t:|1788274541\n|switch|p1a: Raging Bolt|Raging Bolt|77/100|[from] U-turn\n|\n|upkeep\n|turn|9\n|\n|t:|1788274546\n|move|p2a: L|Swords Dance|p2a: L\n|-boost|p2a: L|atk|2\n|move|p1a: Raging Bolt|Thunderbolt|p2a: L\n|-damage|p2a: L|5/100\n|\n|upkeep\n|turn|10\n|\n|t:|1788274550\n|move|p1a: Raging Bolt|Thunderclap|p2a: L\n|-damage|p2a: L|0 fnt\n|faint|p2a: L\n|-end|p2a: L|fallenundefined|[silent]\n|\n|upkeep\n|\n|t:|1788274557\n|switch|p2a: Rum|Iron Valiant, shiny|94/100\n|-damage|p2a: Rum|88/100|[from] Stealth Rock\n|turn|11\n|\n|t:|1788274559\n|move|p1a: Raging Bolt|Thunderclap||[still]\n|-fail|p1a: Raging Bolt\n|move|p2a: Rum|Encore|p1a: Raging Bolt\n|-start|p1a: Raging Bolt|Encore\n|\n|upkeep\n|turn|12\n|\n|t:|1788274564\n|-end|p2a: Rum|Quark Drive|[silent]\n|switch|p2a: Duke Long|Great Tusk, shiny|100/100\n|-damage|p2a: Duke Long|98/100|[from] Stealth Rock\n|move|p1a: Raging Bolt|Thunderclap||[still]\n|-fail|p1a: Raging Bolt\n|\n|upkeep\n|turn|13\n|\n|t:|1788274569\n|-end|p1a: Raging Bolt|Protosynthesis|[silent]\n|switch|p1a: Iron Valiant|Iron Valiant|100/100\n|-enditem|p1a: Iron Valiant|Booster Energy\n|-activate|p1a: Iron Valiant|ability: Quark Drive|[fromitem]\n|-start|p1a: Iron Valiant|quarkdrivespe\n|move|p2a: Duke Long|Rapid Spin|p1a: Iron Valiant\n|-damage|p1a: Iron Valiant|79/100\n|-boost|p2a: Duke Long|spe|1\n|-sideend|p2: go b3yond|Stealth Rock|[from] move: Rapid Spin|[of] p2a: Duke Long\n|\n|upkeep\n|turn|14\n|j| Puyu paz\n|\n|t:|1788274585\n|-terastallize|p2a: Duke Long|Steel\n|move|p1a: Iron Valiant|Moonblast|p2a: Duke Long\n|-resisted|p2a: Duke Long\n|-damage|p2a: Duke Long|64/100\n|move|p2a: Duke Long|Rapid Spin|p1a: Iron Valiant\n|-damage|p1a: Iron Valiant|57/100\n|-boost|p2a: Duke Long|spe|1\n|\n|upkeep\n|turn|15\n|\n|t:|1788274589\n|move|p2a: Duke Long|Headlong Rush|p1a: Iron Valiant\n|-damage|p1a: Iron Valiant|0 fnt\n|-unboost|p2a: Duke Long|def|1\n|-unboost|p2a: Duke Long|spd|1\n|faint|p1a: Iron Valiant\n|-end|p1a: Iron Valiant|Quark Drive|[silent]\n|\n|upkeep\n|\n|t:|1788274590\n|switch|p1a: Raging Bolt|Raging Bolt|77/100\n|turn|16\n|\n|t:|1788274593\n|-end|p2a: Duke Long|Protosynthesis|[silent]\n|switch|p2a: Rum|Iron Valiant, shiny|88/100\n|move|p1a: Raging Bolt|Thunderclap||[still]\n|-fail|p1a: Raging Bolt\n|\n|upkeep\n|turn|17\n|\n|t:|1788274596\n|move|p1a: Raging Bolt|Thunderclap||[still]\n|-fail|p1a: Raging Bolt\n|move|p2a: Rum|Encore|p1a: Raging Bolt\n|-start|p1a: Raging Bolt|Encore\n|\n|upkeep\n|turn|18\n|\n|t:|1788274599\n|-end|p2a: Rum|Quark Drive|[silent]\n|switch|p2a: Kiruma|Vikavolt, M, shiny|100/100\n|move|p1a: Raging Bolt|Thunderclap||[still]\n|-fail|p1a: Raging Bolt\n|\n|upkeep\n|turn|19\n|\n|t:|1788274602\n|-end|p1a: Raging Bolt|Protosynthesis|[silent]\n|switch|p1a: Ogerpon|Ogerpon-Wellspring, F|17/100\n|move|p2a: Kiruma|Bug Buzz|p1a: Ogerpon\n|-supereffective|p1a: Ogerpon\n|-damage|p1a: Ogerpon|0 fnt\n|faint|p1a: Ogerpon\n|\n|upkeep\n|\n|t:|1788274603\n|switch|p1a: Raging Bolt|Raging Bolt|77/100\n|turn|20\n|\n|t:|1788274605\n|move|p1a: Raging Bolt|Calm Mind|p1a: Raging Bolt\n|-boost|p1a: Raging Bolt|spa|1\n|-boost|p1a: Raging Bolt|spd|1\n|move|p2a: Kiruma|Bug Buzz|p1a: Raging Bolt\n|-damage|p1a: Raging Bolt|29/100\n|\n|upkeep\n|turn|21\n|\n|t:|1788274608\n|move|p1a: Raging Bolt|Thunderbolt|p2a: Kiruma\n|-resisted|p2a: Kiruma\n|-crit|p2a: Kiruma\n|-damage|p2a: Kiruma|33/100\n|move|p2a: Kiruma|Bug Buzz|p1a: Raging Bolt\n|-crit|p1a: Raging Bolt\n|-damage|p1a: Raging Bolt|0 fnt\n|faint|p1a: Raging Bolt\n|-end|p1a: Raging Bolt|Protosynthesis|[silent]\n|\n|upkeep\n|\n|t:|1788274609\n|switch|p1a: Gholdengo|Gholdengo|100/100\n|-item|p1a: Gholdengo|Air Balloon\n|turn|22\n|\n|t:|1788274613\n|move|p1a: Gholdengo|Nasty Plot|p1a: Gholdengo\n|-boost|p1a: Gholdengo|spa|2\n|move|p2a: Kiruma|Bug Buzz|p1a: Gholdengo\n|-resisted|p1a: Gholdengo\n|-crit|p1a: Gholdengo\n|-damage|p1a: Gholdengo|66/100\n|-enditem|p1a: Gholdengo|Air Balloon\n|\n|upkeep\n|turn|23\n|\n|t:|1788274617\n|move|p1a: Gholdengo|Recover|p1a: Gholdengo\n|-heal|p1a: Gholdengo|100/100\n|move|p2a: Kiruma|Bug Buzz|p1a: Gholdengo\n|-resisted|p1a: Gholdengo\n|-damage|p1a: Gholdengo|76/100\n|\n|upkeep\n|turn|24\n|\n|t:|1788274621\n|switch|p2a: Funny Valentine|Meowscarada, M, shiny|54/100\n|move|p1a: Gholdengo|Nasty Plot|p1a: Gholdengo\n|-boost|p1a: Gholdengo|spa|2\n|\n|upkeep\n|turn|25\n|\n|t:|1788274623\n|move|p2a: Funny Valentine|Knock Off|p1a: Gholdengo\n|-start|p2a: Funny Valentine|typechange|Dark|[from] ability: Protean\n|-supereffective|p1a: Gholdengo\n|-damage|p1a: Gholdengo|5/100\n|move|p1a: Gholdengo|Recover|p1a: Gholdengo\n|-heal|p1a: Gholdengo|55/100\n|\n|upkeep\n|turn|26\n|\n|t:|1788274627\n|-terastallize|p1a: Gholdengo|Fairy\n|move|p2a: Funny Valentine|Knock Off|p1a: Gholdengo\n|-resisted|p1a: Gholdengo\n|-damage|p1a: Gholdengo|38/100\n|move|p1a: Gholdengo|Recover|p1a: Gholdengo\n|-heal|p1a: Gholdengo|88/100\n|\n|upkeep\n|turn|27\n|\n|t:|1788274634\n|move|p2a: Funny Valentine|Triple Axel|p1a: Gholdengo|[miss]\n|-miss|p2a: Funny Valentine|p1a: Gholdengo\n|move|p1a: Gholdengo|Recover|p1a: Gholdengo\n|-heal|p1a: Gholdengo|100/100\n|\n|upkeep\n|turn|28\n|\n|t:|1788274637\n|move|p2a: Funny Valentine|Triple Axel|p1a: Gholdengo\n|-damage|p1a: Gholdengo|94/100\n|-damage|p1a: Gholdengo|78/100\n|-damage|p1a: Gholdengo|59/100\n|-hitcount|p1a: Gholdengo|3\n|move|p1a: Gholdengo|Shadow Ball|p2a: Funny Valentine\n|-resisted|p2a: Funny Valentine\n|-damage|p2a: Funny Valentine|0 fnt\n|faint|p2a: Funny Valentine\n|\n|upkeep\n|\n|t:|1788274645\n|switch|p2a: Kiruma|Vikavolt, M, shiny|33/100\n|turn|29\n|\n|t:|1788274647\n|move|p1a: Gholdengo|Shadow Ball|p2a: Kiruma\n|-damage|p2a: Kiruma|0 fnt\n|faint|p2a: Kiruma\n|\n|upkeep\n|\n|t:|1788274650\n|switch|p2a: Duke Long|Great Tusk, shiny, tera:Steel|64/100\n|turn|30\n|\n|t:|1788274654\n|move|p2a: Duke Long|Headlong Rush|p1a: Gholdengo\n|-damage|p1a: Gholdengo|0 fnt\n|-unboost|p2a: Duke Long|def|1\n|-unboost|p2a: Duke Long|spd|1\n|faint|p1a: Gholdengo\n|\n|win|go b3yond\n|raw|kangarooteam1's rating: 1695 &rarr; <strong>1672</strong><br />(-23 for losing)\n|raw|go b3yond's rating: 1634 &rarr; <strong>1657</strong><br />(+23 for winning)\n|l|\u2606kangarooteam1\n|player|p1|\n|l|\u2606go b3yond\n|player|p2|\n|l| Sashannarcy\n|l| Puyu paz\n", "uploadtime": 1788274655, "views": "2", "formatid": "gen9ou", "rating": 1657, "private": 0, "password": null}