{"id": "gen9ou-2673914999", "format": "[Gen 9] OU", "players": ["cebtheo", "beatbyblaziken"], "log": "|j|\u2606cebtheo\n|j|\u2606beatbyblaziken\n|t:|1788276607\n|gametype|singles\n|player|p1|cebtheo|aaron|1374\n|player|p2|beatbyblaziken|lance-gen1rb|1442\n|gen|9\n|tier|[Gen 9] OU\n|rated|\n|rule|HP Percentage Mod: HP is shown in percentages\n|rule|Endless Battle Clause: Forcing endless battles is banned\n|rule|Species Clause: Limit one of each Pok\u00e9mon\n|rule|OHKO Clause: OHKO moves are banned\n|rule|Evasion Items Clause: Evasion items are banned\n|rule|Evasion Moves Clause: Evasion moves are banned\n|rule|Evasion Abilities Clause: Evasion abilities are banned\n|rule|Sleep Moves Clause: Sleep-inducing moves are banned\n|clearpoke\n|poke|p1|Hydrapple, F|\n|poke|p1|Garchomp, F|\n|poke|p1|Toxapex, M|\n|poke|p1|Skarmory, F|\n|poke|p1|Blissey, F|\n|poke|p1|Dondozo, F|\n|poke|p2|Tinkaton, F|\n|poke|p2|Ogerpon, F|\n|poke|p2|Great Tusk|\n|poke|p2|Pecharunt|\n|poke|p2|Alomomola, F|\n|poke|p2|Blaziken, M|\n|teampreview\n|inactive|Battle timer is ON: inactive players will automatically lose when time's up. (requested by beatbyblaziken)\n|\n|t:|1788276633\n|teamsize|p1|6\n|teamsize|p2|6\n|start\n|switch|p1a: Toxapex|Toxapex, M|100/100\n|switch|p2a: Ogerpon|Ogerpon, F|100/100\n|turn|1\n|\n|t:|1788276636\n|move|p2a: Ogerpon|U-turn|p1a: Toxapex\n|-resisted|p1a: Toxapex\n|-damage|p1a: Toxapex|91/100\n|\n|t:|1788276639\n|switch|p2a: Pecharunt|Pecharunt|100/100|[from] U-turn\n|move|p1a: Toxapex|Infestation|p2a: Pecharunt\n|-resisted|p2a: Pecharunt\n|-damage|p2a: Pecharunt|99/100\n|-activate|p2a: Pecharunt|move: Infestation|[of] p1a: Toxapex\n|-damage|p1a: Toxapex|74/100|[from] item: Rocky Helmet|[of] p2a: Pecharunt\n|\n|-damage|p2a: Pecharunt|88/100|[from] move: Infestation|[partiallytrapped]\n|upkeep\n|turn|2\n|\n|t:|1788276651\n|switch|p1a: Blissey|Blissey, F|100/100\n|move|p2a: Pecharunt|Parting Shot|p1a: Blissey\n|-unboost|p1a: Blissey|atk|1\n|-unboost|p1a: Blissey|spa|1\n|\n|t:|1788276656\n|switch|p2a: Blaziken|Blaziken, M, shiny|100/100|[from] Parting Shot\n|\n|upkeep\n|turn|3\n|\n|t:|1788276662\n|switch|p2a: Great Tusk|Great Tusk|100/100\n|switch|p1a: Toxapex|Toxapex, M|100/100\n|\n|upkeep\n|turn|4\n|\n|t:|1788276669\n|switch|p1a: Skarmory|Skarmory, F|100/100\n|move|p2a: Great Tusk|Headlong Rush|p1a: Skarmory\n|-immune|p1a: Skarmory\n|\n|upkeep\n|turn|5\n|\n|t:|1788276674\n|-end|p2a: Great Tusk|Protosynthesis|[silent]\n|switch|p2a: Pecharunt|Pecharunt|88/100\n|move|p1a: Skarmory|Spikes|p2a: Pecharunt\n|-sidestart|p2: beatbyblaziken|Spikes\n|\n|upkeep\n|turn|6\n|\n|t:|1788276680\n|switch|p1a: Blissey|Blissey, F|100/100\n|move|p2a: Pecharunt|Shadow Ball|p1a: Blissey\n|-immune|p1a: Blissey\n|\n|upkeep\n|turn|7\n|\n|t:|1788276686\n|move|p2a: Pecharunt|Malignant Chain|p1a: Blissey\n|-damage|p1a: Blissey|91/100\n|-status|p1a: Blissey|tox\n|-start|p1a: Blissey|confusion|[from] ability: Poison Puppeteer|[of] p2a: Pecharunt\n|-activate|p1a: Blissey|confusion\n|move|p1a: Blissey|Shadow Ball|p2a: Pecharunt\n|-supereffective|p2a: Pecharunt\n|-damage|p2a: Pecharunt|57/100\n|-unboost|p2a: Pecharunt|spd|1\n|\n|-damage|p1a: Blissey|85/100 tox|[from] psn\n|upkeep\n|turn|8\n|\n|t:|1788276694\n|-curestatus|p1a: Blissey|tox|[from] ability: Natural Cure|[silent]\n|switch|p1a: Toxapex|Toxapex, M|100/100\n|move|p2a: Pecharunt|Recover|p2a: Pecharunt\n|-heal|p2a: Pecharunt|100/100\n|\n|upkeep\n|turn|9\n|\n|t:|1788276700\n|switch|p1a: Blissey|Blissey, F|85/100\n|move|p2a: Pecharunt|Shadow Ball|p1a: Blissey\n|-immune|p1a: Blissey\n|\n|upkeep\n|turn|10\n|\n|t:|1788276714\n|switch|p2a: Alomomola|Alomomola, F|100/100\n|-damage|p2a: Alomomola|88/100|[from] Spikes\n|move|p1a: Blissey|Seismic Toss|p2a: Alomomola\n|-damage|p2a: Alomomola|69/100\n|\n|upkeep\n|turn|11\n|\n|t:|1788276721\n|switch|p1a: Skarmory|Skarmory, F|100/100\n|move|p2a: Alomomola|Flip Turn|p1a: Skarmory\n|-damage|p1a: Skarmory|91/100\n|-damage|p2a: Alomomola|53/100|[from] item: Rocky Helmet|[of] p1a: Skarmory\n|\n|t:|1788276724\n|switch|p2a: Blaziken|Blaziken, M, shiny|100/100|[from] Flip Turn\n|-damage|p2a: Blaziken|88/100|[from] Spikes\n|\n|-heal|p2a: Blaziken|94/100|[from] item: Leftovers\n|upkeep\n|turn|12\n|\n|t:|1788276744\n|switch|p2a: Ogerpon|Ogerpon, F|100/100\n|-damage|p2a: Ogerpon|88/100|[from] Spikes\n|switch|p1a: Toxapex|Toxapex, M|100/100\n|\n|upkeep\n|turn|13\n|\n|t:|1788276749\n|move|p2a: Ogerpon|Knock Off|p1a: Toxapex\n|-damage|p1a: Toxapex|69/100\n|-enditem|p1a: Toxapex|Heavy-Duty Boots|[from] move: Knock Off|[of] p2a: Ogerpon\n|move|p1a: Toxapex|Infestation|p2a: Ogerpon\n|-supereffective|p2a: Ogerpon\n|-damage|p2a: Ogerpon|81/100\n|-activate|p2a: Ogerpon|move: Infestation|[of] p1a: Toxapex\n|\n|-damage|p2a: Ogerpon|69/100|[from] move: Infestation|[partiallytrapped]\n|upkeep\n|turn|14\n|\n|t:|1788276752\n|move|p2a: Ogerpon|Knock Off|p1a: Toxapex\n|-damage|p1a: Toxapex|51/100\n|move|p1a: Toxapex|Toxic|p2a: Ogerpon\n|-status|p2a: Ogerpon|tox\n|\n|-damage|p2a: Ogerpon|63/100 tox|[from] psn\n|-damage|p2a: Ogerpon|50/100 tox|[from] move: Infestation|[partiallytrapped]\n|upkeep\n|turn|15\n|\n|t:|1788276755\n|move|p2a: Ogerpon|Knock Off|p1a: Toxapex\n|-damage|p1a: Toxapex|30/100\n|move|p1a: Toxapex|Recover|p1a: Toxapex\n|-heal|p1a: Toxapex|80/100\n|\n|-damage|p2a: Ogerpon|39/100 tox|[from] psn\n|-damage|p2a: Ogerpon|26/100 tox|[from] move: Infestation|[partiallytrapped]\n|upkeep\n|turn|16\n|-message|beatbyblaziken forfeited.\n|\n|win|cebtheo\n|raw|cebtheo's rating: 1374 &rarr; <strong>1398</strong><br />(+24 for winning)\n|raw|beatbyblaziken's rating: 1442 &rarr; <strong>1418</strong><br />(-24 for losing)\n|l|\u2606beatbyblaziken\n|player|p2|\n|l|\u2606cebtheo\n|player|p1|\n", "uploadtime": 1788276912, "views": "8", "formatid": "gen9ou", "rating": 1398, "private": 0, "password": null}