{"id": "gen9ou-2674052793", "format": "[Gen 9] OU", "players": ["Thatgenyou", "owl_with_scarf"], "log": "|j|\u2606Thatgenyou\n|j|\u2606owl_with_scarf\n|t:|1788292933\n|gametype|singles\n|player|p1|Thatgenyou|170|1483\n|player|p2|owl_with_scarf|#owlwithscarf|1538\n|gen|9\n|tier|[Gen 9] OU\n|rated|\n|rule|HP Percentage Mod: HP is shown in percentages\n|rule|Endless Battle Clause: Forcing endless battles is banned\n|rule|Species Clause: Limit one of each Pok\u00e9mon\n|rule|OHKO Clause: OHKO moves are banned\n|rule|Evasion Items Clause: Evasion items are banned\n|rule|Evasion Moves Clause: Evasion moves are banned\n|rule|Evasion Abilities Clause: Evasion abilities are banned\n|rule|Sleep Moves Clause: Sleep-inducing moves are banned\n|clearpoke\n|poke|p1|Latios, M|\n|poke|p1|Kyurem|\n|poke|p1|Clefable, M|\n|poke|p1|Scizor, F|\n|poke|p1|Landorus-Therian, M|\n|poke|p1|Kingambit, M|\n|poke|p2|Slowking, M|\n|poke|p2|Hatterene, F|\n|poke|p2|Comfey, F|\n|poke|p2|Kingambit, F|\n|poke|p2|Hydrapple, M|\n|poke|p2|Scizor, F|\n|teampreview\n|inactive|Battle timer is ON: inactive players will automatically lose when time's up. (requested by owl_with_scarf)\n|\n|t:|1788292959\n|teamsize|p1|6\n|teamsize|p2|6\n|start\n|switch|p1a: Scizor|Scizor, F, shiny|100/100\n|switch|p2a: Slowking|Slowking, M|100/100\n|turn|1\n|\n|t:|1788292973\n|switch|p2a: Scizor|Scizor, F|100/100\n|move|p1a: Scizor|Knock Off|p2a: Scizor\n|-damage|p2a: Scizor|65/100\n|-enditem|p2a: Scizor|Leftovers|[from] move: Knock Off|[of] p1a: Scizor\n|\n|upkeep\n|turn|2\n|\n|t:|1788292988\n|move|p1a: Scizor|U-turn|p2a: Scizor\n|-resisted|p2a: Scizor\n|-damage|p2a: Scizor|44/100\n|\n|t:|1788292990\n|switch|p1a: Landorus|Landorus-Therian, M, shiny|100/100|[from] U-turn\n|-ability|p1a: Landorus|Intimidate|boost\n|-unboost|p2a: Scizor|atk|1\n|move|p2a: Scizor|Swords Dance|p2a: Scizor\n|-boost|p2a: Scizor|atk|2\n|\n|upkeep\n|turn|3\n|\n|t:|1788293003\n|move|p2a: Scizor|Bullet Punch|p1a: Landorus\n|-damage|p1a: Landorus|37/100\n|move|p1a: Landorus|Earthquake|p2a: Scizor\n|-damage|p2a: Scizor|0 fnt\n|faint|p2a: Scizor\n|\n|upkeep\n|\n|t:|1788293009\n|switch|p2a: Slowking|Slowking, M|100/100\n|turn|4\n|\n|t:|1788293023\n|switch|p1a: Scizor|Scizor, F, shiny|100/100\n|move|p2a: Slowking|Trick Room|p2a: Slowking\n|-fieldstart|move: Trick Room|[of] p2a: Slowking\n|\n|upkeep\n|turn|5\n|\n|t:|1788293039\n|move|p2a: Slowking|Flamethrower|p1a: Scizor\n|-supereffective|p1a: Scizor\n|-damage|p1a: Scizor|0 fnt\n|faint|p1a: Scizor\n|\n|upkeep\n|inactive|Thatgenyou has 120 seconds left.\n|\n|t:|1788293063\n|switch|p1a: Kyurem|Kyurem|100/100\n|-ability|p1a: Kyurem|Pressure\n|turn|6\n|\n|t:|1788293071\n|move|p2a: Slowking|Psyshock|p1a: Kyurem\n|-damage|p1a: Kyurem|63/100\n|move|p1a: Kyurem|Earth Power|p2a: Slowking\n|-damage|p2a: Slowking|78/100\n|\n|upkeep\n|turn|7\n|\n|t:|1788293075\n|move|p2a: Slowking|Psyshock|p1a: Kyurem\n|-damage|p1a: Kyurem|21/100\n|move|p1a: Kyurem|Freeze-Dry|p2a: Slowking\n|-supereffective|p2a: Slowking\n|-damage|p2a: Slowking|17/100\n|-enditem|p2a: Slowking|Weakness Policy\n|-boost|p2a: Slowking|atk|2|[from] item: Weakness Policy\n|-boost|p2a: Slowking|spa|2|[from] item: Weakness Policy\n|\n|upkeep\n|turn|8\n|\n|t:|1788293095\n|switch|p1a: Clefable|Clefable, M, shiny|100/100\n|move|p2a: Slowking|Scald|p1a: Clefable\n|-damage|p1a: Clefable|29/100\n|\n|-fieldend|move: Trick Room\n|upkeep\n|turn|9\n|\n|t:|1788293100\n|move|p1a: Clefable|Moonblast|p2a: Slowking\n|-damage|p2a: Slowking|0 fnt\n|faint|p2a: Slowking\n|\n|upkeep\n|\n|t:|1788293104\n|switch|p2a: Kingambit|Kingambit, F|100/100\n|-activate|p2a: Kingambit|ability: Supreme Overlord\n|-start|p2a: Kingambit|fallen2|[silent]\n|turn|10\n|\n|t:|1788293112\n|move|p2a: Kingambit|Iron Head|p1a: Clefable\n|-supereffective|p1a: Clefable\n|-damage|p1a: Clefable|0 fnt\n|-damage|p2a: Kingambit|84/100|[from] item: Rocky Helmet|[of] p1a: Clefable\n|faint|p1a: Clefable\n|\n|upkeep\n|\n|t:|1788293127\n|switch|p1a: Kingambit|Kingambit, M, shiny|100/100\n|-activate|p1a: Kingambit|ability: Supreme Overlord\n|-start|p1a: Kingambit|fallen2|[silent]\n|turn|11\n|\n|t:|1788293134\n|-terastallize|p1a: Kingambit|Bug\n|move|p2a: Kingambit|Swords Dance|p2a: Kingambit\n|-boost|p2a: Kingambit|atk|2\n|move|p1a: Kingambit|Low Kick|p2a: Kingambit\n|-supereffective|p2a: Kingambit\n|-damage|p2a: Kingambit|0 fnt\n|faint|p2a: Kingambit\n|-end|p2a: Kingambit|fallen2|[silent]\n|\n|upkeep\n|\n|t:|1788293138\n|switch|p2a: Hydrapple|Hydrapple, M, shiny|100/100\n|turn|12\n|\n|t:|1788293159\n|-end|p1a: Kingambit|fallen2|[silent]\n|switch|p1a: Latios|Latios, M, shiny|100/100\n|move|p2a: Hydrapple|Fickle Beam|p1a: Latios|[anim] Fickle Beam All Out\n|-activate|p2a: Hydrapple|move: Fickle Beam\n|-supereffective|p1a: Latios\n|-crit|p1a: Latios\n|-damage|p1a: Latios|0 fnt\n|faint|p1a: Latios\n|\n|upkeep\n|\n|t:|1788293165\n|switch|p1a: Kyurem|Kyurem|21/100\n|-ability|p1a: Kyurem|Pressure\n|turn|13\n|\n|t:|1788293175\n|switch|p2a: Hatterene|Hatterene, F|100/100\n|move|p1a: Kyurem|Freeze-Dry|p2a: Hatterene\n|-damage|p2a: Hatterene|60/100\n|-status|p2a: Hatterene|frz\n|\n|upkeep\n|turn|14\n|c|\u2606Thatgenyou|damn\n|c|\u2606Thatgenyou|sorry bro\n|\n|t:|1788293197\n|move|p1a: Kyurem|Icicle Spear|p2a: Hatterene\n|-damage|p2a: Hatterene|45/100 frz\n|-damage|p2a: Hatterene|29/100 frz\n|-damage|p2a: Hatterene|11/100 frz\n|-hitcount|p2a: Hatterene|3\n|cant|p2a: Hatterene|frz\n|\n|upkeep\n|turn|15\n|\n|t:|1788293208\n|move|p1a: Kyurem|Icicle Spear|p2a: Hatterene\n|-damage|p2a: Hatterene|0 fnt\n|faint|p2a: Hatterene\n|-hitcount|p2: Hatterene|1\n|\n|upkeep\n|\n|t:|1788293211\n|switch|p2a: Comfey|Comfey, F|100/100\n|turn|16\n|inactive|Thatgenyou has 120 seconds left.\n|\n|t:|1788293232\n|switch|p1a: Landorus|Landorus-Therian, M, shiny|37/100\n|-ability|p1a: Landorus|Intimidate|boost\n|-unboost|p2a: Comfey|atk|1\n|-terastallize|p2a: Comfey|Steel\n|move|p2a: Comfey|Calm Mind|p2a: Comfey\n|-boost|p2a: Comfey|spa|1\n|-boost|p2a: Comfey|spd|1\n|\n|upkeep\n|turn|17\n|inactive|Thatgenyou has 120 seconds left.\n|\n|t:|1788293256\n|move|p2a: Comfey|Draining Kiss|p1a: Landorus\n|-damage|p1a: Landorus|0 fnt\n|faint|p1a: Landorus\n|\n|upkeep\n|\n|t:|1788293264\n|switch|p1a: Kingambit|Kingambit, M, shiny, tera:Bug|100/100\n|-activate|p1a: Kingambit|ability: Supreme Overlord\n|-start|p1a: Kingambit|fallen4|[silent]\n|turn|18\n|\n|t:|1788293272\n|switch|p2a: Hydrapple|Hydrapple, M, shiny|100/100\n|move|p1a: Kingambit|Kowtow Cleave|p2a: Hydrapple\n|-damage|p2a: Hydrapple|51/100\n|-damage|p1a: Kingambit|84/100|[from] item: Rocky Helmet|[of] p2a: Hydrapple\n|\n|upkeep\n|turn|19\n|inactive|Thatgenyou has 120 seconds left.\n|\n|t:|1788293303\n|-end|p1a: Kingambit|fallen4|[silent]\n|switch|p1a: Kyurem|Kyurem|21/100\n|-ability|p1a: Kyurem|Pressure\n|move|p2a: Hydrapple|Fickle Beam|p1a: Kyurem|[anim] Fickle Beam All Out\n|-activate|p2a: Hydrapple|move: Fickle Beam\n|-supereffective|p1a: Kyurem\n|-damage|p1a: Kyurem|0 fnt\n|faint|p1a: Kyurem\n|\n|upkeep\n|\n|t:|1788293308\n|switch|p1a: Kingambit|Kingambit, M, shiny, tera:Bug|84/100\n|-activate|p1a: Kingambit|ability: Supreme Overlord\n|-start|p1a: Kingambit|fallen5|[silent]\n|turn|20\n|inactive|Thatgenyou has 90 seconds left.\n|\n|t:|1788293341\n|switch|p2a: Comfey|Comfey, F, tera:Steel|100/100\n|move|p1a: Kingambit|Sucker Punch||[still]\n|-fail|p1a: Kingambit\n|\n|upkeep\n|turn|21\n|\n|t:|1788293345\n|move|p2a: Comfey|Encore|p1a: Kingambit\n|-start|p1a: Kingambit|Encore\n|move|p1a: Kingambit|Sucker Punch||[still]\n|-fail|p1a: Kingambit\n|\n|upkeep\n|turn|22\n|inactive|Thatgenyou has 90 seconds left.\n|-message|Thatgenyou forfeited.\n|\n|win|owl_with_scarf\n|raw|Thatgenyou's rating: 1483 &rarr; <strong>1466</strong><br />(-17 for losing)\n|raw|owl_with_scarf's rating: 1538 &rarr; <strong>1555</strong><br />(+17 for winning)\n|l|\u2606Thatgenyou\n|player|p1|\n|l|\u2606owl_with_scarf\n|player|p2|\n", "uploadtime": 1788293483, "views": "7", "formatid": "gen9ou", "rating": 1466, "private": 0, "password": null}