{"id": "gen9ou-2673952533", "format": "[Gen 9] OU", "players": ["kangarooteam1", "go b3yond"], "log": "|j|\u2606kangarooteam1\n|j|\u2606go b3yond\n|t:|1788281129\n|gametype|singles\n|player|p1|kangarooteam1|1|1577\n|player|p2|go b3yond|waiter-gen4|1567\n|gen|9\n|tier|[Gen 9] OU\n|rated|\n|rule|HP Percentage Mod: HP is shown in percentages\n|rule|Endless Battle Clause: Forcing endless battles is banned\n|rule|Species Clause: Limit one of each Pok\u00e9mon\n|rule|OHKO Clause: OHKO moves are banned\n|rule|Evasion Items Clause: Evasion items are banned\n|rule|Evasion Moves Clause: Evasion moves are banned\n|rule|Evasion Abilities Clause: Evasion abilities are banned\n|rule|Sleep Moves Clause: Sleep-inducing moves are banned\n|clearpoke\n|poke|p1|Great Tusk|\n|poke|p1|Gholdengo|\n|poke|p1|Raging Bolt|\n|poke|p1|Iron Valiant|\n|poke|p1|Ogerpon-Wellspring, F|\n|poke|p1|Kingambit, M|\n|poke|p2|Vikavolt, M|\n|poke|p2|Iron Valiant|\n|poke|p2|Heatran, M|\n|poke|p2|Meowscarada, F|\n|poke|p2|Great Tusk|\n|poke|p2|Kingambit, F|\n|teampreview\n|inactive|Battle timer is ON: inactive players will automatically lose when time's up. (requested by kangarooteam1)\n|\n|t:|1788281137\n|teamsize|p1|6\n|teamsize|p2|6\n|start\n|switch|p1a: Great Tusk|Great Tusk|100/100\n|switch|p2a: Kiruma|Vikavolt, M, shiny|100/100\n|turn|1\n|\n|t:|1788281138\n|move|p1a: Great Tusk|Stealth Rock|p2a: Kiruma\n|-sidestart|p2: go b3yond|move: Stealth Rock\n|move|p2a: Kiruma|Energy Ball|p1a: Great Tusk\n|-supereffective|p1a: Great Tusk\n|-damage|p1a: Great Tusk|0 fnt\n|faint|p1a: Great Tusk\n|-end|p1a: Great Tusk|Protosynthesis|[silent]\n|\n|upkeep\n|\n|t:|1788281139\n|switch|p1a: Raging Bolt|Raging Bolt|100/100\n|turn|2\n|\n|t:|1788281142\n|switch|p2a: Rum|Iron Valiant, shiny|100/100\n|-damage|p2a: Rum|94/100|[from] Stealth Rock\n|-enditem|p2a: Rum|Booster Energy\n|-activate|p2a: Rum|ability: Quark Drive|[fromitem]\n|-start|p2a: Rum|quarkdrivespe\n|move|p1a: Raging Bolt|Calm Mind|p1a: Raging Bolt\n|-boost|p1a: Raging Bolt|spa|1\n|-boost|p1a: Raging Bolt|spd|1\n|\n|upkeep\n|turn|3\n|\n|t:|1788281144\n|move|p1a: Raging Bolt|Thunderclap||[still]\n|-fail|p1a: Raging Bolt\n|move|p2a: Rum|Encore|p1a: Raging Bolt\n|-start|p1a: Raging Bolt|Encore\n|\n|upkeep\n|turn|4\n|\n|t:|1788281152\n|-end|p1a: Raging Bolt|Protosynthesis|[silent]\n|switch|p1a: Kingambit|Kingambit, M|100/100\n|-activate|p1a: Kingambit|ability: Supreme Overlord\n|-start|p1a: Kingambit|fallen1|[silent]\n|move|p2a: Rum|Encore||[still]\n|-fail|p2a: Rum\n|\n|upkeep\n|turn|5\n|\n|t:|1788281154\n|-terastallize|p1a: Kingambit|Ghost\n|move|p2a: Rum|Close Combat|p1a: Kingambit\n|-immune|p1a: Kingambit\n|move|p1a: Kingambit|Iron Head|p2a: Rum\n|-supereffective|p2a: Rum\n|-damage|p2a: Rum|0 fnt\n|faint|p2a: Rum\n|-end|p2a: Rum|Quark Drive|[silent]\n|\n|upkeep\n|\n|t:|1788281158\n|switch|p2a: Funny Valentine|Meowscarada, F, shiny|100/100\n|turn|6\n|\n|t:|1788281160\n|move|p2a: Funny Valentine|Knock Off|p1a: Kingambit\n|-start|p2a: Funny Valentine|typechange|Dark|[from] ability: Protean\n|-supereffective|p1a: Kingambit\n|-damage|p1a: Kingambit|29/100\n|-enditem|p1a: Kingambit|Leftovers|[from] move: Knock Off|[of] p2a: Funny Valentine\n|move|p1a: Kingambit|Iron Head|p2a: Funny Valentine\n|-damage|p2a: Funny Valentine|21/100\n|\n|upkeep\n|turn|7\n|\n|t:|1788281164\n|switch|p2a: Duke Long|Great Tusk, shiny|100/100\n|-damage|p2a: Duke Long|98/100|[from] Stealth Rock\n|move|p1a: Kingambit|Sucker Punch||[still]\n|-fail|p1a: Kingambit\n|\n|upkeep\n|turn|8\n|\n|t:|1788281165\n|move|p2a: Duke Long|Headlong Rush|p1a: Kingambit\n|-damage|p1a: Kingambit|0 fnt\n|-unboost|p2a: Duke Long|def|1\n|-unboost|p2a: Duke Long|spd|1\n|faint|p1a: Kingambit\n|-end|p1a: Kingambit|fallen1|[silent]\n|\n|upkeep\n|\n|t:|1788281167\n|switch|p1a: Ogerpon|Ogerpon-Wellspring, F|100/100\n|turn|9\n|\n|t:|1788281172\n|-end|p2a: Duke Long|Protosynthesis|[silent]\n|switch|p2a: Kiruma|Vikavolt, M, shiny|100/100\n|-damage|p2a: Kiruma|76/100|[from] Stealth Rock\n|move|p1a: Ogerpon|Ivy Cudgel|p2a: Kiruma|[anim] Ivy Cudgel Water\n|-damage|p2a: Kiruma|12/100\n|\n|upkeep\n|turn|10\n|\n|t:|1788281174\n|move|p1a: Ogerpon|Ivy Cudgel|p2a: Kiruma|[anim] Ivy Cudgel Water\n|-damage|p2a: Kiruma|0 fnt\n|faint|p2a: Kiruma\n|\n|upkeep\n|\n|t:|1788281179\n|switch|p2a: Duke Long|Great Tusk, shiny|98/100\n|-damage|p2a: Duke Long|95/100|[from] Stealth Rock\n|turn|11\n|\n|t:|1788281181\n|-terastallize|p2a: Duke Long|Steel\n|move|p1a: Ogerpon|Ivy Cudgel|p2a: Duke Long|[anim] Ivy Cudgel Water\n|-damage|p2a: Duke Long|53/100\n|move|p2a: Duke Long|Rapid Spin|p1a: Ogerpon\n|-damage|p1a: Ogerpon|79/100\n|-boost|p2a: Duke Long|spe|1\n|-sideend|p2: go b3yond|Stealth Rock|[from] move: Rapid Spin|[of] p2a: Duke Long\n|\n|upkeep\n|turn|12\n|\n|t:|1788281184\n|move|p2a: Duke Long|Close Combat|p1a: Ogerpon\n|-damage|p1a: Ogerpon|3/100\n|-unboost|p2a: Duke Long|def|1\n|-unboost|p2a: Duke Long|spd|1\n|move|p1a: Ogerpon|Ivy Cudgel|p2a: Duke Long|[anim] Ivy Cudgel Water\n|-damage|p2a: Duke Long|0 fnt\n|faint|p2a: Duke Long\n|-end|p2a: Duke Long|Protosynthesis|[silent]\n|\n|upkeep\n|\n|t:|1788281188\n|switch|p2a: Funny Valentine|Meowscarada, F, shiny|21/100\n|turn|13\n|\n|t:|1788281192\n|move|p2a: Funny Valentine|U-turn|p1a: Ogerpon\n|-start|p2a: Funny Valentine|typechange|Bug|[from] ability: Protean\n|-supereffective|p1a: Ogerpon\n|-damage|p1a: Ogerpon|0 fnt\n|faint|p1a: Ogerpon\n|\n|t:|1788281198\n|switch|p2a: Inspector Tsukumo|Heatran, M, shiny|100/100|[from] U-turn\n|\n|upkeep\n|\n|t:|1788281199\n|switch|p1a: Raging Bolt|Raging Bolt|100/100\n|turn|14\n|\n|t:|1788281203\n|move|p2a: Inspector Tsukumo|Taunt|p1a: Raging Bolt\n|-start|p1a: Raging Bolt|move: Taunt\n|cant|p1a: Raging Bolt|move: Taunt|Calm Mind\n|\n|upkeep\n|turn|15\n|\n|t:|1788281208\n|move|p2a: Inspector Tsukumo|Earth Power|p1a: Raging Bolt\n|-supereffective|p1a: Raging Bolt\n|-damage|p1a: Raging Bolt|46/100\n|move|p1a: Raging Bolt|Thunderbolt|p2a: Inspector Tsukumo\n|-damage|p2a: Inspector Tsukumo|46/100\n|\n|-heal|p2a: Inspector Tsukumo|53/100|[from] item: Leftovers\n|-heal|p1a: Raging Bolt|52/100|[from] item: Leftovers\n|upkeep\n|turn|16\n|\n|t:|1788281215\n|move|p2a: Inspector Tsukumo|Earth Power|p1a: Raging Bolt\n|-supereffective|p1a: Raging Bolt\n|-damage|p1a: Raging Bolt|0 fnt\n|faint|p1a: Raging Bolt\n|-end|p1a: Raging Bolt|Protosynthesis|[silent]\n|\n|-heal|p2a: Inspector Tsukumo|59/100|[from] item: Leftovers\n|upkeep\n|\n|t:|1788281216\n|switch|p1a: Iron Valiant|Iron Valiant|100/100\n|-enditem|p1a: Iron Valiant|Booster Energy\n|-activate|p1a: Iron Valiant|ability: Quark Drive|[fromitem]\n|-start|p1a: Iron Valiant|quarkdrivespe\n|turn|17\n|\n|t:|1788281219\n|move|p1a: Iron Valiant|Close Combat|p2a: Inspector Tsukumo\n|-supereffective|p2a: Inspector Tsukumo\n|-damage|p2a: Inspector Tsukumo|0 fnt\n|-unboost|p1a: Iron Valiant|def|1\n|-unboost|p1a: Iron Valiant|spd|1\n|faint|p2a: Inspector Tsukumo\n|\n|upkeep\n|\n|t:|1788281223\n|switch|p2a: Funny Valentine|Meowscarada, F, shiny|21/100\n|turn|18\n|\n|t:|1788281225\n|move|p1a: Iron Valiant|Close Combat|p2a: Funny Valentine\n|-supereffective|p2a: Funny Valentine\n|-damage|p2a: Funny Valentine|0 fnt\n|-unboost|p1a: Iron Valiant|def|1\n|-unboost|p1a: Iron Valiant|spd|1\n|faint|p2a: Funny Valentine\n|\n|upkeep\n|\n|t:|1788281227\n|switch|p2a: L|Kingambit, F, shiny|100/100\n|-activate|p2a: L|ability: Supreme Overlord\n|-start|p2a: L|fallen5|[silent]\n|-item|p2a: L|Air Balloon\n|turn|19\n|\n|t:|1788281229\n|move|p1a: Iron Valiant|Close Combat|p2a: L\n|-supereffective|p2a: L\n|-damage|p2a: L|0 fnt\n|-unboost|p1a: Iron Valiant|def|1\n|-unboost|p1a: Iron Valiant|spd|1\n|-enditem|p2a: L|Air Balloon\n|faint|p2a: L\n|-end|p2a: L|fallen5|[silent]\n|\n|win|kangarooteam1\n|raw|kangarooteam1's rating: 1577 &rarr; <strong>1596</strong><br />(+19 for winning)\n|raw|go b3yond's rating: 1567 &rarr; <strong>1548</strong><br />(-19 for losing)\n", "uploadtime": 1788281230, "views": "4", "formatid": "gen9ou", "rating": 1548, "private": 0, "password": null}