{"id": "gen9ou-2673971966", "format": "[Gen 9] OU", "players": ["brockssocks3", "kangarooteam1"], "log": "|j|\u2606brockssocks3\n|j|\u2606kangarooteam1\n|t:|1788283405\n|gametype|singles\n|player|p1|brockssocks3|unknown|1513\n|player|p2|kangarooteam1|1|1542\n|gen|9\n|tier|[Gen 9] OU\n|rated|\n|rule|HP Percentage Mod: HP is shown in percentages\n|rule|Endless Battle Clause: Forcing endless battles is banned\n|rule|Species Clause: Limit one of each Pok\u00e9mon\n|rule|OHKO Clause: OHKO moves are banned\n|rule|Evasion Items Clause: Evasion items are banned\n|rule|Evasion Moves Clause: Evasion moves are banned\n|rule|Evasion Abilities Clause: Evasion abilities are banned\n|rule|Sleep Moves Clause: Sleep-inducing moves are banned\n|clearpoke\n|poke|p1|Ting-Lu|\n|poke|p1|Garganacl, F|\n|poke|p1|Zapdos|\n|poke|p1|Mandibuzz, F|\n|poke|p1|Primarina, F|\n|poke|p1|Deoxys-Speed|\n|poke|p2|Great Tusk|\n|poke|p2|Gholdengo|\n|poke|p2|Raging Bolt|\n|poke|p2|Iron Valiant|\n|poke|p2|Ogerpon-Wellspring, F|\n|poke|p2|Kingambit, M|\n|teampreview\n|inactive|Battle timer is ON: inactive players will automatically lose when time's up. (requested by brockssocks3)\n|inactive|kangarooteam1 also wants the timer to be on.\n|\n|t:|1788283414\n|teamsize|p1|6\n|teamsize|p2|6\n|start\n|switch|p1a: Deoxys|Deoxys-Speed|100/100\n|switch|p2a: Ogerpon|Ogerpon-Wellspring, F|100/100\n|-ability|p1a: Deoxys|Pressure\n|turn|1\n|\n|t:|1788283417\n|move|p1a: Deoxys|Psycho Boost|p2a: Ogerpon\n|-damage|p2a: Ogerpon|37/100\n|-unboost|p1a: Deoxys|spa|2\n|-enditem|p1a: Deoxys|Eject Pack\n|\n|t:|1788283425\n|switch|p1a: Mandibuzz|Mandibuzz, F|100/100\n|move|p2a: Ogerpon|Ivy Cudgel|p1a: Mandibuzz|[anim] Ivy Cudgel Water\n|-damage|p1a: Mandibuzz|66/100\n|\n|upkeep\n|turn|2\n|\n|t:|1788283434\n|switch|p2a: Raging Bolt|Raging Bolt|100/100\n|move|p1a: Mandibuzz|Toxic|p2a: Raging Bolt\n|-status|p2a: Raging Bolt|tox\n|\n|-damage|p2a: Raging Bolt|94/100 tox|[from] psn\n|upkeep\n|turn|3\n|\n|t:|1788283441\n|switch|p1a: Ting-Lu|Ting-Lu|100/100\n|-ability|p1a: Ting-Lu|Vessel of Ruin\n|move|p2a: Raging Bolt|Thunderbolt|p1a: Ting-Lu\n|-immune|p1a: Ting-Lu\n|\n|-heal|p2a: Raging Bolt|100/100 tox|[from] item: Leftovers\n|-damage|p2a: Raging Bolt|88/100 tox|[from] psn\n|upkeep\n|turn|4\n|\n|t:|1788283448\n|-end|p2a: Raging Bolt|Protosynthesis|[silent]\n|switch|p2a: Ogerpon|Ogerpon-Wellspring, F|37/100\n|move|p1a: Ting-Lu|Earthquake|p2a: Ogerpon\n|-resisted|p2a: Ogerpon\n|-damage|p2a: Ogerpon|13/100\n|\n|upkeep\n|turn|5\n|\n|t:|1788283454\n|switch|p1a: Mandibuzz|Mandibuzz, F|66/100\n|move|p2a: Ogerpon|Ivy Cudgel|p1a: Mandibuzz|[anim] Ivy Cudgel Water\n|-damage|p1a: Mandibuzz|32/100\n|\n|upkeep\n|turn|6\n|\n|t:|1788283459\n|move|p2a: Ogerpon|Ivy Cudgel|p1a: Mandibuzz|[anim] Ivy Cudgel Water\n|-damage|p1a: Mandibuzz|0 fnt\n|faint|p1a: Mandibuzz\n|\n|upkeep\n|\n|t:|1788283461\n|switch|p1a: Deoxys|Deoxys-Speed|100/100\n|-ability|p1a: Deoxys|Pressure\n|turn|7\n|\n|t:|1788283463\n|move|p1a: Deoxys|Ice Beam|p2a: Ogerpon\n|-damage|p2a: Ogerpon|0 fnt\n|faint|p2a: Ogerpon\n|\n|upkeep\n|\n|t:|1788283465\n|switch|p2a: Gholdengo|Gholdengo|100/100\n|-item|p2a: Gholdengo|Air Balloon\n|turn|8\n|\n|t:|1788283468\n|move|p1a: Deoxys|Knock Off|p2a: Gholdengo\n|-supereffective|p2a: Gholdengo\n|-damage|p2a: Gholdengo|36/100\n|-enditem|p2a: Gholdengo|Air Balloon\n|move|p2a: Gholdengo|Nasty Plot|p2a: Gholdengo\n|-boost|p2a: Gholdengo|spa|2\n|\n|upkeep\n|turn|9\n|\n|t:|1788283473\n|-terastallize|p2a: Gholdengo|Fairy\n|move|p1a: Deoxys|Knock Off|p2a: Gholdengo\n|-resisted|p2a: Gholdengo\n|-damage|p2a: Gholdengo|27/100\n|move|p2a: Gholdengo|Make It Rain|p1a: Deoxys\n|-damage|p1a: Deoxys|0 fnt\n|-unboost|p2a: Gholdengo|spa|1\n|faint|p1a: Deoxys\n|\n|upkeep\n|\n|t:|1788283480\n|switch|p1a: Ting-Lu|Ting-Lu|100/100\n|-ability|p1a: Ting-Lu|Vessel of Ruin\n|turn|10\n|\n|t:|1788283482\n|move|p2a: Gholdengo|Recover|p2a: Gholdengo\n|-heal|p2a: Gholdengo|77/100\n|move|p1a: Ting-Lu|Earthquake|p2a: Gholdengo\n|-damage|p2a: Gholdengo|37/100\n|\n|upkeep\n|turn|11\n|\n|t:|1788283488\n|move|p2a: Gholdengo|Recover|p2a: Gholdengo\n|-heal|p2a: Gholdengo|87/100\n|move|p1a: Ting-Lu|Earthquake|p2a: Gholdengo\n|-damage|p2a: Gholdengo|41/100\n|\n|upkeep\n|turn|12\n|\n|t:|1788283495\n|move|p2a: Gholdengo|Recover|p2a: Gholdengo\n|-heal|p2a: Gholdengo|91/100\n|move|p1a: Ting-Lu|Earthquake|p2a: Gholdengo\n|-damage|p2a: Gholdengo|47/100\n|\n|upkeep\n|turn|13\n|\n|t:|1788283500\n|move|p2a: Gholdengo|Recover|p2a: Gholdengo\n|-heal|p2a: Gholdengo|97/100\n|move|p1a: Ting-Lu|Earthquake|p2a: Gholdengo\n|-damage|p2a: Gholdengo|52/100\n|\n|upkeep\n|turn|14\n|\n|t:|1788283505\n|move|p2a: Gholdengo|Recover|p2a: Gholdengo\n|-heal|p2a: Gholdengo|100/100\n|move|p1a: Ting-Lu|Earthquake|p2a: Gholdengo\n|-damage|p2a: Gholdengo|61/100\n|\n|upkeep\n|turn|15\n|\n|t:|1788283510\n|move|p2a: Gholdengo|Nasty Plot|p2a: Gholdengo\n|-boost|p2a: Gholdengo|spa|2\n|move|p1a: Ting-Lu|Ruination|p2a: Gholdengo\n|-damage|p2a: Gholdengo|31/100\n|\n|upkeep\n|turn|16\n|\n|t:|1788283516\n|move|p2a: Gholdengo|Recover|p2a: Gholdengo\n|-heal|p2a: Gholdengo|81/100\n|move|p1a: Ting-Lu|Earthquake|p2a: Gholdengo\n|-damage|p2a: Gholdengo|35/100\n|\n|upkeep\n|turn|17\n|\n|t:|1788283522\n|move|p2a: Gholdengo|Recover|p2a: Gholdengo\n|-heal|p2a: Gholdengo|86/100\n|move|p1a: Ting-Lu|Earthquake|p2a: Gholdengo\n|-damage|p2a: Gholdengo|43/100\n|\n|upkeep\n|turn|18\n|\n|t:|1788283529\n|move|p2a: Gholdengo|Recover|p2a: Gholdengo\n|-heal|p2a: Gholdengo|94/100\n|move|p1a: Ting-Lu|Ruination|p2a: Gholdengo\n|-damage|p2a: Gholdengo|47/100\n|\n|upkeep\n|turn|19\n|\n|t:|1788283535\n|move|p2a: Gholdengo|Make It Rain|p1a: Ting-Lu\n|-damage|p1a: Ting-Lu|35/100\n|-unboost|p2a: Gholdengo|spa|1\n|move|p1a: Ting-Lu|Earthquake|p2a: Gholdengo\n|-damage|p2a: Gholdengo|1/100\n|\n|-heal|p1a: Ting-Lu|41/100|[from] item: Leftovers\n|upkeep\n|turn|20\n|\n|t:|1788283542\n|move|p2a: Gholdengo|Make It Rain|p1a: Ting-Lu\n|-damage|p1a: Ting-Lu|0 fnt\n|-unboost|p2a: Gholdengo|spa|1\n|faint|p1a: Ting-Lu\n|\n|upkeep\n|\n|t:|1788283547\n|switch|p1a: Zapdos|Zapdos|100/100\n|turn|21\n|\n|t:|1788283550\n|move|p2a: Gholdengo|Shadow Ball|p1a: Zapdos\n|-damage|p1a: Zapdos|35/100\n|move|p1a: Zapdos|Discharge|p2a: Gholdengo\n|-damage|p2a: Gholdengo|0 fnt\n|faint|p2a: Gholdengo\n|\n|upkeep\n|\n|t:|1788283553\n|switch|p2a: Kingambit|Kingambit, M|100/100\n|-activate|p2a: Kingambit|ability: Supreme Overlord\n|-start|p2a: Kingambit|fallen2|[silent]\n|turn|22\n|\n|t:|1788283555\n|move|p1a: Zapdos|Thunder Wave|p2a: Kingambit\n|-status|p2a: Kingambit|par\n|cant|p2a: Kingambit|par\n|\n|upkeep\n|turn|23\n|\n|t:|1788283560\n|move|p1a: Zapdos|Roost|p1a: Zapdos\n|-heal|p1a: Zapdos|86/100\n|-singleturn|p1a: Zapdos|move: Roost\n|move|p2a: Kingambit|Swords Dance|p2a: Kingambit\n|-boost|p2a: Kingambit|atk|2\n|\n|upkeep\n|turn|24\n|\n|t:|1788283565\n|move|p1a: Zapdos|Discharge|p2a: Kingambit\n|-damage|p2a: Kingambit|65/100 par\n|move|p2a: Kingambit|Kowtow Cleave|p1a: Zapdos\n|-damage|p1a: Zapdos|0 fnt\n|faint|p1a: Zapdos\n|\n|-heal|p2a: Kingambit|72/100 par|[from] item: Leftovers\n|upkeep\n|\n|t:|1788283570\n|switch|p1a: Primarina|Primarina, F|100/100\n|turn|25\n|\n|t:|1788283572\n|move|p1a: Primarina|Moonblast|p2a: Kingambit\n|-damage|p2a: Kingambit|25/100 par\n|move|p2a: Kingambit|Iron Head|p1a: Primarina\n|-damage|p1a: Primarina|0 fnt\n|faint|p1a: Primarina\n|\n|-heal|p2a: Kingambit|31/100 par|[from] item: Leftovers\n|upkeep\n|\n|t:|1788283577\n|switch|p1a: Garganacl|Garganacl, F|100/100\n|turn|26\n|\n|t:|1788283585\n|move|p1a: Garganacl|Salt Cure|p2a: Kingambit\n|-resisted|p2a: Kingambit\n|-damage|p2a: Kingambit|27/100 par\n|-start|p2a: Kingambit|Salt Cure\n|move|p2a: Kingambit|Iron Head|p1a: Garganacl\n|-supereffective|p1a: Garganacl\n|-damage|p1a: Garganacl|0 fnt\n|faint|p1a: Garganacl\n|\n|win|kangarooteam1\n|raw|brockssocks3's rating: 1513 &rarr; <strong>1495</strong><br />(-18 for losing)\n|raw|kangarooteam1's rating: 1542 &rarr; <strong>1560</strong><br />(+18 for winning)\n", "uploadtime": 1788283585, "views": "0", "formatid": "gen9ou", "rating": 1495, "private": 0, "password": null}