{"id": "gen9ou-2673872897", "format": "[Gen 9] OU", "players": ["pokesom765", "lesbianmaxie"], "log": "|j|\u2606pokesom765\n|j|\u2606lesbianmaxie\n|t:|1788271437\n|gametype|singles\n|player|p1|pokesom765|169|1558\n|player|p2|lesbianmaxie|maxie-gen3|1562\n|gen|9\n|tier|[Gen 9] OU\n|rated|\n|rule|HP Percentage Mod: HP is shown in percentages\n|rule|Endless Battle Clause: Forcing endless battles is banned\n|rule|Species Clause: Limit one of each Pok\u00e9mon\n|rule|OHKO Clause: OHKO moves are banned\n|rule|Evasion Items Clause: Evasion items are banned\n|rule|Evasion Moves Clause: Evasion moves are banned\n|rule|Evasion Abilities Clause: Evasion abilities are banned\n|rule|Sleep Moves Clause: Sleep-inducing moves are banned\n|clearpoke\n|poke|p1|Iron Crown|\n|poke|p1|Samurott-Hisui, F|\n|poke|p1|Zapdos|\n|poke|p1|Dragapult, F|\n|poke|p1|Great Tusk|\n|poke|p1|Iron Boulder|\n|poke|p2|Great Tusk|\n|poke|p2|Moltres|\n|poke|p2|Ogerpon, F|\n|poke|p2|Darkrai|\n|poke|p2|Gholdengo|\n|poke|p2|Goodra-Hisui, F|\n|teampreview\n|inactive|Battle timer is ON: inactive players will automatically lose when time's up. (requested by lesbianmaxie)\n|inactive|pokesom765 has 120 seconds left.\n|\n|t:|1788271468\n|teamsize|p1|6\n|teamsize|p2|6\n|start\n|switch|p1a: Dragapult|Dragapult, F|100/100\n|switch|p2a: Jim Carrey|Ogerpon, F|100/100\n|turn|1\n|\n|t:|1788271477\n|switch|p2a: Bird up|Moltres|100/100\n|move|p1a: Dragapult|U-turn|p2a: Bird up\n|-resisted|p2a: Bird up\n|-damage|p2a: Bird up|94/100\n|\n|t:|1788271484\n|switch|p1a: Samurott|Samurott-Hisui, F|100/100|[from] U-turn\n|\n|upkeep\n|turn|2\n|l|\u2606pokesom765\n|inactive|pokesom765 disconnected and has a minute to reconnect!\n|player|p1|\n|\n|t:|1788271493\n|move|p1a: Samurott|Ceaseless Edge|p2a: Bird up\n|-damage|p2a: Bird up|65/100\n|-sidestart|p2: lesbianmaxie|Spikes\n|move|p2a: Bird up|U-turn|p1a: Samurott\n|-supereffective|p1a: Samurott\n|-damage|p1a: Samurott|61/100\n|\n|t:|1788271499\n|switch|p2a: Jim Carrey|Ogerpon, F|100/100|[from] U-turn\n|\n|upkeep\n|turn|3\n|j|\u2606pokesom765\n|inactive|pokesom765 reconnected and has 130 seconds left.\n|player|p1|pokesom765|169|\n|\n|t:|1788271527\n|switch|p1a: Zapdos|Zapdos|100/100\n|move|p2a: Jim Carrey|Spikes|p1a: Zapdos\n|-sidestart|p1: pokesom765|Spikes\n|\n|upkeep\n|turn|4\n|inactive|pokesom765 has 120 seconds left.\n|\n|t:|1788271543\n|switch|p2a: Goobra|Goodra-Hisui, F|100/100\n|-damage|p2a: Goobra|88/100|[from] Spikes\n|move|p1a: Zapdos|U-turn|p2a: Goobra\n|-resisted|p2a: Goobra\n|-damage|p2a: Goobra|81/100\n|inactive|pokesom765 has 120 seconds left.\n|\n|t:|1788271549\n|switch|p1a: Great Tusk|Great Tusk|100/100|[from] U-turn\n|\n|upkeep\n|turn|5\n|\n|t:|1788271556\n|switch|p2a: Address Me.|Great Tusk|100/100\n|move|p1a: Great Tusk|Stealth Rock|p2a: Address Me.\n|-sidestart|p2: lesbianmaxie|move: Stealth Rock\n|\n|upkeep\n|turn|6\n|\n|t:|1788271563\n|move|p2a: Address Me.|Stealth Rock|p1a: Great Tusk\n|-sidestart|p1: pokesom765|move: Stealth Rock\n|move|p1a: Great Tusk|Ice Spinner|p2a: Address Me.\n|-supereffective|p2a: Address Me.\n|-damage|p2a: Address Me.|65/100\n|\n|upkeep\n|turn|7\n|\n|t:|1788271588\n|-end|p2a: Address Me.|Protosynthesis|[silent]\n|switch|p2a: Bird up|Moltres|65/100\n|move|p1a: Great Tusk|Rapid Spin|p2a: Bird up\n|-damage|p2a: Bird up|53/100\n|-boost|p1a: Great Tusk|spe|1\n|-sideend|p1: pokesom765|Spikes|[from] move: Rapid Spin|[of] p1a: Great Tusk\n|-sideend|p1: pokesom765|Stealth Rock|[from] move: Rapid Spin|[of] p1a: Great Tusk\n|\n|upkeep\n|turn|8\n|\n|t:|1788271596\n|-end|p1a: Great Tusk|Protosynthesis|[silent]\n|switch|p1a: Samurott|Samurott-Hisui, F|61/100\n|move|p2a: Bird up|Roost|p2a: Bird up\n|-heal|p2a: Bird up|100/100\n|-singleturn|p2a: Bird up|move: Roost\n|\n|upkeep\n|turn|9\n|\n|t:|1788271603\n|move|p1a: Samurott|Razor Shell|p2a: Bird up\n|-supereffective|p2a: Bird up\n|-damage|p2a: Bird up|25/100\n|-unboost|p2a: Bird up|def|1\n|move|p2a: Bird up|U-turn|p1a: Samurott\n|-supereffective|p1a: Samurott\n|-damage|p1a: Samurott|26/100\n|\n|t:|1788271619\n|switch|p2a: Address Me.|Great Tusk|65/100|[from] U-turn\n|\n|upkeep\n|turn|10\n|\n|t:|1788271630\n|move|p1a: Samurott|Razor Shell|p2a: Address Me.\n|-supereffective|p2a: Address Me.\n|-damage|p2a: Address Me.|3/100\n|-unboost|p2a: Address Me.|def|1\n|move|p2a: Address Me.|Headlong Rush|p1a: Samurott\n|-damage|p1a: Samurott|0 fnt\n|-unboost|p2a: Address Me.|def|1\n|-unboost|p2a: Address Me.|spd|1\n|faint|p1a: Samurott\n|\n|upkeep\n|\n|t:|1788271639\n|switch|p1a: Dragapult|Dragapult, F|100/100\n|turn|11\n|\n|t:|1788271649\n|-end|p2a: Address Me.|Protosynthesis|[silent]\n|switch|p2a: Goobra|Goodra-Hisui, F|81/100\n|-damage|p2a: Goobra|69/100|[from] Spikes\n|-damage|p2a: Goobra|63/100|[from] Stealth Rock\n|move|p1a: Dragapult|Dragon Darts|p2a: Goobra\n|-crit|p2a: Goobra\n|-damage|p2a: Goobra|8/100\n|-anim|p1a: Dragapult|Dragon Darts|p2a: Goobra\n|-damage|p2a: Goobra|0 fnt\n|faint|p2a: Goobra\n|\n|upkeep\n|\n|t:|1788271673\n|switch|p2a: Jim Carrey|Ogerpon, F|100/100\n|turn|12\n|\n|t:|1788271682\n|switch|p1a: Zapdos|Zapdos|100/100\n|-terastallize|p2a: Jim Carrey|Grass\n|detailschange|p2a: Jim Carrey|Ogerpon-Teal-Tera, F, tera:Grass\n|-ability|p2a: Jim Carrey|Embody Aspect (Teal)|boost\n|-boost|p2a: Jim Carrey|spe|1\n|move|p2a: Jim Carrey|Knock Off|p1a: Zapdos\n|-damage|p1a: Zapdos|76/100\n|-status|p2a: Jim Carrey|par|[from] ability: Static|[of] p1a: Zapdos\n|-enditem|p1a: Zapdos|Heavy-Duty Boots|[from] move: Knock Off|[of] p2a: Jim Carrey\n|\n|upkeep\n|turn|13\n|\n|t:|1788271694\n|move|p2a: Jim Carrey|Spikes|p1a: Zapdos\n|-sidestart|p1: pokesom765|Spikes\n|move|p1a: Zapdos|Hurricane|p2a: Jim Carrey\n|-supereffective|p2a: Jim Carrey\n|-damage|p2a: Jim Carrey|0 fnt\n|faint|p2a: Jim Carrey\n|detailschange|p2: Jim Carrey|Ogerpon, F|[silent]\n|\n|upkeep\n|\n|t:|1788271701\n|switch|p2a: Address Me.|Great Tusk|3/100\n|turn|14\n|\n|t:|1788271705\n|switch|p1a: Dragapult|Dragapult, F|100/100\n|-damage|p1a: Dragapult|88/100|[from] Spikes\n|move|p2a: Address Me.|Ice Spinner|p1a: Dragapult\n|-supereffective|p1a: Dragapult\n|-damage|p1a: Dragapult|24/100\n|\n|upkeep\n|turn|15\n|\n|t:|1788271721\n|-end|p2a: Address Me.|Protosynthesis|[silent]\n|switch|p2a: Bird up|Moltres|25/100\n|move|p1a: Dragapult|Dragon Darts|p2a: Bird up\n|-damage|p2a: Bird up|1/100\n|-anim|p1a: Dragapult|Dragon Darts|p2a: Bird up\n|-damage|p2a: Bird up|0 fnt\n|faint|p2a: Bird up\n|\n|upkeep\n|\n|t:|1788271729\n|switch|p2a: My Jarona!|Gholdengo|100/100\n|-damage|p2a: My Jarona!|94/100|[from] Stealth Rock\n|-item|p2a: My Jarona!|Air Balloon\n|turn|16\n|\n|t:|1788271737\n|switch|p1a: Zapdos|Zapdos|76/100\n|move|p2a: My Jarona!|Shadow Ball|p1a: Zapdos\n|-damage|p1a: Zapdos|44/100\n|\n|upkeep\n|turn|17\n|\n|t:|1788271748\n|move|p1a: Zapdos|U-turn|p2a: My Jarona!\n|-resisted|p2a: My Jarona!\n|-damage|p2a: My Jarona!|92/100\n|-enditem|p2a: My Jarona!|Air Balloon\n|\n|t:|1788271755\n|switch|p1a: Great Tusk|Great Tusk|100/100|[from] U-turn\n|move|p2a: My Jarona!|Nasty Plot|p2a: My Jarona!\n|-boost|p2a: My Jarona!|spa|2\n|\n|upkeep\n|turn|18\n|\n|t:|1788271765\n|move|p1a: Great Tusk|Headlong Rush|p2a: My Jarona!\n|-supereffective|p2a: My Jarona!\n|-damage|p2a: My Jarona!|8/100\n|-unboost|p1a: Great Tusk|def|1\n|-unboost|p1a: Great Tusk|spd|1\n|move|p2a: My Jarona!|Shadow Ball|p1a: Great Tusk\n|-damage|p1a: Great Tusk|0 fnt\n|faint|p1a: Great Tusk\n|-end|p1a: Great Tusk|Protosynthesis|[silent]\n|\n|upkeep\n|\n|t:|1788271774\n|switch|p1a: Dragapult|Dragapult, F|24/100\n|-damage|p1a: Dragapult|12/100|[from] Spikes\n|turn|19\n|\n|t:|1788271779\n|move|p1a: Dragapult|Dragon Darts|p2a: My Jarona!\n|-resisted|p2a: My Jarona!\n|-damage|p2a: My Jarona!|0 fnt\n|faint|p2a: My Jarona!\n|\n|upkeep\n|\n|t:|1788271783\n|switch|p2a: Dark Matter|Darkrai|100/100\n|-damage|p2a: Dark Matter|88/100|[from] Spikes\n|-damage|p2a: Dark Matter|76/100|[from] Stealth Rock\n|turn|20\n|\n|t:|1788271788\n|move|p1a: Dragapult|Dragon Darts|p2a: Dark Matter\n|-damage|p2a: Dark Matter|28/100\n|-anim|p1a: Dragapult|Dragon Darts|p2a: Dark Matter\n|-damage|p2a: Dark Matter|0 fnt\n|faint|p2a: Dark Matter\n|\n|upkeep\n|-message|lesbianmaxie forfeited.\n|\n|win|pokesom765\n|raw|pokesom765's rating: 1558 &rarr; <strong>1578</strong><br />(+20 for winning)\n|raw|lesbianmaxie's rating: 1562 &rarr; <strong>1542</strong><br />(-20 for losing)\n|l|\u2606lesbianmaxie\n|player|p2|\n|l|\u2606pokesom765\n|player|p1|\n", "uploadtime": 1788272026, "views": "4", "formatid": "gen9ou", "rating": 1542, "private": 0, "password": null}