{"id": "gen9ou-2673973651", "format": "[Gen 9] OU", "players": ["tboc13", "kangarooteam1"], "log": "|j|\u2606tboc13\n|j|\u2606kangarooteam1\n|t:|1788283601\n|gametype|singles\n|player|p1|tboc13|dawn|1537\n|player|p2|kangarooteam1|1|1560\n|gen|9\n|tier|[Gen 9] OU\n|rated|\n|rule|HP Percentage Mod: HP is shown in percentages\n|rule|Endless Battle Clause: Forcing endless battles is banned\n|rule|Species Clause: Limit one of each Pok\u00e9mon\n|rule|OHKO Clause: OHKO moves are banned\n|rule|Evasion Items Clause: Evasion items are banned\n|rule|Evasion Moves Clause: Evasion moves are banned\n|rule|Evasion Abilities Clause: Evasion abilities are banned\n|rule|Sleep Moves Clause: Sleep-inducing moves are banned\n|clearpoke\n|poke|p1|Glimmora, F|\n|poke|p1|Iron Moth|\n|poke|p1|Iron Valiant|\n|poke|p1|Ogerpon-Wellspring, F|\n|poke|p1|Kingambit, F|\n|poke|p1|Zamazenta-*|\n|poke|p2|Great Tusk|\n|poke|p2|Gholdengo|\n|poke|p2|Raging Bolt|\n|poke|p2|Iron Valiant|\n|poke|p2|Ogerpon-Wellspring, F|\n|poke|p2|Kingambit, M|\n|teampreview\n|inactive|Battle timer is ON: inactive players will automatically lose when time's up. (requested by tboc13)\n|\n|t:|1788283604\n|teamsize|p1|6\n|teamsize|p2|6\n|start\n|switch|p1a: Glimmora|Glimmora, F|100/100\n|switch|p2a: Raging Bolt|Raging Bolt|100/100\n|turn|1\n|inactive|kangarooteam1 also wants the timer to be on.\n|\n|t:|1788283607\n|move|p1a: Glimmora|Stealth Rock|p2a: Raging Bolt\n|-sidestart|p2: kangarooteam1|move: Stealth Rock\n|move|p2a: Raging Bolt|Thunderbolt|p1a: Glimmora\n|-damage|p1a: Glimmora|33/100\n|-status|p1a: Glimmora|par\n|\n|upkeep\n|turn|2\n|\n|t:|1788283609\n|move|p2a: Raging Bolt|Thunderbolt|p1a: Glimmora\n|-damage|p1a: Glimmora|0 fnt\n|faint|p1a: Glimmora\n|\n|upkeep\n|\n|t:|1788283621\n|switch|p1a: Kingambit|Kingambit, F, shiny|100/100\n|-activate|p1a: Kingambit|ability: Supreme Overlord\n|-start|p1a: Kingambit|fallen1|[silent]\n|turn|3\n|\n|t:|1788283624\n|move|p1a: Kingambit|Swords Dance|p1a: Kingambit\n|-boost|p1a: Kingambit|atk|2\n|move|p2a: Raging Bolt|Thunderbolt|p1a: Kingambit\n|-damage|p1a: Kingambit|34/100\n|\n|upkeep\n|turn|4\n|\n|t:|1788283627\n|-end|p2a: Raging Bolt|Protosynthesis|[silent]\n|switch|p2a: Great Tusk|Great Tusk|100/100\n|-damage|p2a: Great Tusk|98/100|[from] Stealth Rock\n|move|p1a: Kingambit|Sucker Punch||[still]\n|-fail|p1a: Kingambit\n|\n|-heal|p2a: Great Tusk|100/100|[from] item: Leftovers\n|upkeep\n|turn|5\n|\n|t:|1788283629\n|move|p2a: Great Tusk|Earthquake|p1a: Kingambit\n|-supereffective|p1a: Kingambit\n|-damage|p1a: Kingambit|0 fnt\n|faint|p1a: Kingambit\n|-end|p1a: Kingambit|fallen1|[silent]\n|\n|upkeep\n|\n|t:|1788283631\n|switch|p1a: Iron Valiant|Iron Valiant|100/100\n|-enditem|p1a: Iron Valiant|Booster Energy\n|-activate|p1a: Iron Valiant|ability: Quark Drive|[fromitem]\n|-start|p1a: Iron Valiant|quarkdrivespe\n|turn|6\n|\n|t:|1788283632\n|-terastallize|p2a: Great Tusk|Steel\n|move|p1a: Iron Valiant|Calm Mind|p1a: Iron Valiant\n|-boost|p1a: Iron Valiant|spa|1\n|-boost|p1a: Iron Valiant|spd|1\n|move|p2a: Great Tusk|Rapid Spin|p1a: Iron Valiant\n|-damage|p1a: Iron Valiant|83/100\n|-boost|p2a: Great Tusk|spe|1\n|-sideend|p2: kangarooteam1|Stealth Rock|[from] move: Rapid Spin|[of] p2a: Great Tusk\n|\n|upkeep\n|turn|7\n|\n|t:|1788283639\n|move|p1a: Iron Valiant|Encore|p2a: Great Tusk\n|-start|p2a: Great Tusk|Encore\n|move|p2a: Great Tusk|Rapid Spin|p1a: Iron Valiant\n|-damage|p1a: Iron Valiant|63/100\n|-boost|p2a: Great Tusk|spe|1\n|\n|upkeep\n|turn|8\n|\n|t:|1788283640\n|move|p1a: Iron Valiant|Shadow Ball|p2a: Great Tusk\n|-crit|p2a: Great Tusk\n|-damage|p2a: Great Tusk|23/100\n|move|p2a: Great Tusk|Rapid Spin|p1a: Iron Valiant\n|-damage|p1a: Iron Valiant|44/100\n|-boost|p2a: Great Tusk|spe|1\n|\n|-heal|p2a: Great Tusk|29/100|[from] item: Leftovers\n|upkeep\n|turn|9\n|\n|t:|1788283641\n|move|p2a: Great Tusk|Rapid Spin|p1a: Iron Valiant\n|-damage|p1a: Iron Valiant|27/100\n|-boost|p2a: Great Tusk|spe|1\n|move|p1a: Iron Valiant|Shadow Ball|p2a: Great Tusk\n|-damage|p2a: Great Tusk|0 fnt\n|faint|p2a: Great Tusk\n|-end|p2a: Great Tusk|Protosynthesis|[silent]\n|\n|upkeep\n|\n|t:|1788283642\n|switch|p2a: Raging Bolt|Raging Bolt|100/100\n|turn|10\n|\n|t:|1788283644\n|move|p2a: Raging Bolt|Thunderclap||[still]\n|-fail|p2a: Raging Bolt\n|move|p1a: Iron Valiant|Calm Mind|p1a: Iron Valiant\n|-boost|p1a: Iron Valiant|spa|1\n|-boost|p1a: Iron Valiant|spd|1\n|\n|upkeep\n|turn|11\n|\n|t:|1788283647\n|move|p2a: Raging Bolt|Thunderclap||[still]\n|-fail|p2a: Raging Bolt\n|move|p1a: Iron Valiant|Encore|p2a: Raging Bolt\n|-start|p2a: Raging Bolt|Encore\n|\n|upkeep\n|turn|12\n|\n|t:|1788283648\n|move|p2a: Raging Bolt|Thunderclap||[still]\n|-fail|p2a: Raging Bolt\n|move|p1a: Iron Valiant|Calm Mind|p1a: Iron Valiant\n|-boost|p1a: Iron Valiant|spa|1\n|-boost|p1a: Iron Valiant|spd|1\n|\n|upkeep\n|turn|13\n|\n|t:|1788283649\n|move|p2a: Raging Bolt|Thunderclap||[still]\n|-fail|p2a: Raging Bolt\n|move|p1a: Iron Valiant|Calm Mind|p1a: Iron Valiant\n|-boost|p1a: Iron Valiant|spa|1\n|-boost|p1a: Iron Valiant|spd|1\n|\n|upkeep\n|turn|14\n|\n|t:|1788283651\n|move|p2a: Raging Bolt|Thunderclap||[still]\n|-fail|p2a: Raging Bolt\n|move|p1a: Iron Valiant|Calm Mind|p1a: Iron Valiant\n|-boost|p1a: Iron Valiant|spa|1\n|-boost|p1a: Iron Valiant|spd|1\n|\n|-end|p2a: Raging Bolt|Encore\n|upkeep\n|turn|15\n|\n|t:|1788283653\n|move|p2a: Raging Bolt|Thunderclap||[still]\n|-fail|p2a: Raging Bolt\n|move|p1a: Iron Valiant|Encore|p2a: Raging Bolt\n|-start|p2a: Raging Bolt|Encore\n|\n|upkeep\n|turn|16\n|\n|t:|1788283654\n|move|p2a: Raging Bolt|Thunderclap||[still]\n|-fail|p2a: Raging Bolt\n|move|p1a: Iron Valiant|Calm Mind|p1a: Iron Valiant\n|-boost|p1a: Iron Valiant|spa|1\n|-boost|p1a: Iron Valiant|spd|1\n|\n|upkeep\n|turn|17\n|\n|t:|1788283657\n|-end|p2a: Raging Bolt|Protosynthesis|[silent]\n|switch|p2a: Kingambit|Kingambit, M|100/100\n|-activate|p2a: Kingambit|ability: Supreme Overlord\n|-start|p2a: Kingambit|fallen1|[silent]\n|move|p1a: Iron Valiant|Calm Mind|p1a: Iron Valiant\n|-boost|p1a: Iron Valiant|spa|0\n|-boost|p1a: Iron Valiant|spd|0\n|\n|upkeep\n|turn|18\n|\n|t:|1788283660\n|move|p2a: Kingambit|Sucker Punch|p1a: Iron Valiant\n|-resisted|p1a: Iron Valiant\n|-damage|p1a: Iron Valiant|12/100\n|move|p1a: Iron Valiant|Moonblast|p2a: Kingambit\n|-damage|p2a: Kingambit|0 fnt\n|faint|p2a: Kingambit\n|-end|p2a: Kingambit|fallen1|[silent]\n|\n|upkeep\n|\n|t:|1788283661\n|switch|p2a: Raging Bolt|Raging Bolt|100/100\n|turn|19\n|\n|t:|1788283663\n|move|p2a: Raging Bolt|Thunderclap|p1a: Iron Valiant\n|-damage|p1a: Iron Valiant|0 fnt\n|faint|p1a: Iron Valiant\n|-end|p1a: Iron Valiant|Quark Drive|[silent]\n|\n|upkeep\n|\n|t:|1788283666\n|switch|p1a: Ogerpon|Ogerpon-Wellspring, F|100/100\n|turn|20\n|\n|t:|1788283668\n|move|p1a: Ogerpon|Play Rough|p2a: Raging Bolt\n|-supereffective|p2a: Raging Bolt\n|-damage|p2a: Raging Bolt|38/100\n|-unboost|p2a: Raging Bolt|atk|1\n|move|p2a: Raging Bolt|Thunderbolt|p1a: Ogerpon\n|-damage|p1a: Ogerpon|42/100\n|-status|p1a: Ogerpon|par\n|\n|-heal|p2a: Raging Bolt|44/100|[from] item: Leftovers\n|upkeep\n|turn|21\n|\n|t:|1788283675\n|move|p2a: Raging Bolt|Thunderbolt|p1a: Ogerpon\n|-damage|p1a: Ogerpon|0 fnt\n|faint|p1a: Ogerpon\n|\n|-heal|p2a: Raging Bolt|51/100|[from] item: Leftovers\n|upkeep\n|\n|t:|1788283677\n|switch|p1a: Zamazenta|Zamazenta|100/100\n|-ability|p1a: Zamazenta|Dauntless Shield|boost\n|-boost|p1a: Zamazenta|def|1\n|turn|22\n|\n|t:|1788283680\n|move|p1a: Zamazenta|Body Press|p2a: Raging Bolt\n|-damage|p2a: Raging Bolt|11/100\n|move|p2a: Raging Bolt|Thunderbolt|p1a: Zamazenta\n|-damage|p1a: Zamazenta|56/100\n|\n|-heal|p1a: Zamazenta|62/100|[from] item: Leftovers\n|-heal|p2a: Raging Bolt|17/100|[from] item: Leftovers\n|upkeep\n|turn|23\n|\n|t:|1788283682\n|-end|p2a: Raging Bolt|Protosynthesis|[silent]\n|switch|p2a: Gholdengo|Gholdengo|100/100\n|-item|p2a: Gholdengo|Air Balloon\n|move|p1a: Zamazenta|Body Press|p2a: Gholdengo\n|-immune|p2a: Gholdengo\n|\n|-heal|p1a: Zamazenta|68/100|[from] item: Leftovers\n|upkeep\n|turn|24\n|\n|t:|1788283684\n|move|p1a: Zamazenta|Crunch|p2a: Gholdengo\n|-supereffective|p2a: Gholdengo\n|-damage|p2a: Gholdengo|49/100\n|-unboost|p2a: Gholdengo|def|1\n|-enditem|p2a: Gholdengo|Air Balloon\n|move|p2a: Gholdengo|Shadow Ball|p1a: Zamazenta\n|-damage|p1a: Zamazenta|34/100\n|\n|-heal|p1a: Zamazenta|40/100|[from] item: Leftovers\n|upkeep\n|turn|25\n|\n|t:|1788283685\n|switch|p2a: Iron Valiant|Iron Valiant|100/100\n|-enditem|p2a: Iron Valiant|Booster Energy\n|-activate|p2a: Iron Valiant|ability: Quark Drive|[fromitem]\n|-start|p2a: Iron Valiant|quarkdrivespe\n|move|p1a: Zamazenta|Crunch|p2a: Iron Valiant\n|-resisted|p2a: Iron Valiant\n|-damage|p2a: Iron Valiant|94/100\n|\n|-heal|p1a: Zamazenta|46/100|[from] item: Leftovers\n|upkeep\n|turn|26\n|\n|t:|1788283687\n|move|p2a: Iron Valiant|Thunderbolt|p1a: Zamazenta\n|-damage|p1a: Zamazenta|21/100\n|move|p1a: Zamazenta|Body Press|p2a: Iron Valiant\n|-resisted|p2a: Iron Valiant\n|-damage|p2a: Iron Valiant|62/100\n|\n|-heal|p1a: Zamazenta|27/100|[from] item: Leftovers\n|upkeep\n|turn|27\n|\n|t:|1788283689\n|move|p2a: Iron Valiant|Moonblast|p1a: Zamazenta\n|-supereffective|p1a: Zamazenta\n|-damage|p1a: Zamazenta|0 fnt\n|faint|p1a: Zamazenta\n|\n|upkeep\n|\n|t:|1788283690\n|switch|p1a: Iron Moth|Iron Moth|100/100\n|-enditem|p1a: Iron Moth|Booster Energy\n|-activate|p1a: Iron Moth|ability: Quark Drive|[fromitem]\n|-start|p1a: Iron Moth|quarkdrivespe\n|turn|28\n|\n|t:|1788283692\n|move|p2a: Iron Valiant|Close Combat|p1a: Iron Moth\n|-resisted|p1a: Iron Moth\n|-damage|p1a: Iron Moth|63/100\n|-unboost|p2a: Iron Valiant|def|1\n|-unboost|p2a: Iron Valiant|spd|1\n|move|p1a: Iron Moth|Fiery Dance|p2a: Iron Valiant\n|-damage|p2a: Iron Valiant|0 fnt\n|-boost|p1a: Iron Moth|spa|1\n|faint|p2a: Iron Valiant\n|-end|p2a: Iron Valiant|Quark Drive|[silent]\n|\n|upkeep\n|\n|t:|1788283694\n|switch|p2a: Ogerpon|Ogerpon-Wellspring, F|100/100\n|turn|29\n|\n|t:|1788283698\n|switch|p2a: Gholdengo|Gholdengo|49/100\n|move|p1a: Iron Moth|Sludge Wave|p2a: Gholdengo\n|-immune|p2a: Gholdengo\n|\n|upkeep\n|turn|30\n|\n|t:|1788283700\n|switch|p2a: Ogerpon|Ogerpon-Wellspring, F|100/100\n|move|p1a: Iron Moth|Fiery Dance|p2a: Ogerpon\n|-damage|p2a: Ogerpon|34/100\n|\n|upkeep\n|turn|31\n|\n|t:|1788283702\n|move|p1a: Iron Moth|Fiery Dance|p2a: Ogerpon\n|-damage|p2a: Ogerpon|0 fnt\n|-boost|p1a: Iron Moth|spa|1\n|faint|p2a: Ogerpon\n|\n|upkeep\n|\n|t:|1788283703\n|switch|p2a: Raging Bolt|Raging Bolt|17/100\n|turn|32\n|\n|t:|1788283705\n|-end|p2a: Raging Bolt|Protosynthesis|[silent]\n|switch|p2a: Gholdengo|Gholdengo|49/100\n|move|p1a: Iron Moth|Sludge Wave|p2a: Gholdengo\n|-immune|p2a: Gholdengo\n|\n|upkeep\n|turn|33\n|\n|t:|1788283706\n|switch|p2a: Raging Bolt|Raging Bolt|17/100\n|move|p1a: Iron Moth|Fiery Dance|p2a: Raging Bolt\n|-resisted|p2a: Raging Bolt\n|-damage|p2a: Raging Bolt|0 fnt\n|faint|p2a: Raging Bolt\n|-end|p2a: Raging Bolt|Protosynthesis|[silent]\n|\n|upkeep\n|\n|t:|1788283706\n|switch|p2a: Gholdengo|Gholdengo|49/100\n|turn|34\n|\n|t:|1788283709\n|move|p1a: Iron Moth|Fiery Dance|p2a: Gholdengo\n|-supereffective|p2a: Gholdengo\n|-damage|p2a: Gholdengo|0 fnt\n|faint|p2a: Gholdengo\n|\n|win|tboc13\n|raw|tboc13's rating: 1537 &rarr; <strong>1558</strong><br />(+21 for winning)\n|raw|kangarooteam1's rating: 1560 &rarr; <strong>1539</strong><br />(-21 for losing)\n", "uploadtime": 1788283709, "views": "0", "formatid": "gen9ou", "rating": 1539, "private": 0, "password": null}