{"id": "gen9ou-2673858154", "format": "[Gen 9] OU", "players": ["ykykp", "swagswag234"], "log": "|j|\u2606ykykp\n|j|\u2606swagswag234\n|t:|1788269445\n|gametype|singles\n|player|p1|ykykp|169|1647\n|player|p2|swagswag234|cyclist|1543\n|gen|9\n|tier|[Gen 9] OU\n|rated|\n|rule|HP Percentage Mod: HP is shown in percentages\n|rule|Endless Battle Clause: Forcing endless battles is banned\n|rule|Species Clause: Limit one of each Pok\u00e9mon\n|rule|OHKO Clause: OHKO moves are banned\n|rule|Evasion Items Clause: Evasion items are banned\n|rule|Evasion Moves Clause: Evasion moves are banned\n|rule|Evasion Abilities Clause: Evasion abilities are banned\n|rule|Sleep Moves Clause: Sleep-inducing moves are banned\n|clearpoke\n|poke|p1|Dragonite, M|\n|poke|p1|Hatterene, F|\n|poke|p1|Samurott-Hisui, F|\n|poke|p1|Zamazenta-*|\n|poke|p1|Raging Bolt|\n|poke|p1|Iron Boulder|\n|poke|p2|Tyranitar, F|\n|poke|p2|Excadrill, M|\n|poke|p2|Kingambit, F|\n|poke|p2|Garchomp, M|\n|poke|p2|Pecharunt|\n|poke|p2|Rotom-Wash|\n|teampreview\n|inactive|Battle timer is ON: inactive players will automatically lose when time's up. (requested by swagswag234)\n|j| leahstardewhotdamn\n|inactive|ykykp has 120 seconds left.\n|\n|t:|1788269475\n|teamsize|p1|6\n|teamsize|p2|6\n|start\n|switch|p1a: Hatterene|Hatterene, F|100/100\n|switch|p2a: Tyranitar|Tyranitar, F|100/100\n|-weather|Sandstorm|[from] ability: Sand Stream|[of] p2a: Tyranitar\n|turn|1\n|\n|t:|1788269482\n|switch|p1a: Samurott|Samurott-Hisui, F|100/100\n|move|p2a: Tyranitar|Knock Off|p1a: Samurott\n|-resisted|p1a: Samurott\n|-damage|p1a: Samurott|75/100\n|-enditem|p1a: Samurott|Focus Sash|[from] move: Knock Off|[of] p2a: Tyranitar\n|\n|-weather|Sandstorm|[upkeep]\n|-damage|p1a: Samurott|69/100|[from] Sandstorm\n|upkeep\n|turn|2\n|\n|t:|1788269490\n|switch|p2a: Garchomp|Garchomp, M|100/100\n|move|p1a: Samurott|Razor Shell|p2a: Garchomp\n|-damage|p2a: Garchomp|47/100\n|-unboost|p2a: Garchomp|def|1\n|-damage|p1a: Samurott|56/100|[from] ability: Rough Skin|[of] p2a: Garchomp\n|\n|-weather|Sandstorm|[upkeep]\n|-damage|p1a: Samurott|50/100|[from] Sandstorm\n|upkeep\n|turn|3\n|\n|t:|1788269501\n|move|p2a: Garchomp|Earthquake|p1a: Samurott\n|-damage|p1a: Samurott|0 fnt\n|faint|p1a: Samurott\n|\n|-weather|Sandstorm|[upkeep]\n|upkeep\n|\n|t:|1788269513\n|switch|p1a: Iron Boulder|Iron Boulder|100/100\n|-enditem|p1a: Iron Boulder|Booster Energy\n|-activate|p1a: Iron Boulder|ability: Quark Drive|[fromitem]\n|-start|p1a: Iron Boulder|quarkdrivespe\n|turn|4\n|\n|t:|1788269521\n|switch|p2a: Pecharunt|Pecharunt|100/100\n|-item|p2a: Pecharunt|Air Balloon\n|move|p1a: Iron Boulder|Earthquake|p2a: Pecharunt\n|-immune|p2a: Pecharunt\n|\n|-weather|Sandstorm|[upkeep]\n|-damage|p2a: Pecharunt|94/100|[from] Sandstorm\n|upkeep\n|turn|5\n|\n|t:|1788269524\n|move|p1a: Iron Boulder|Zen Headbutt|p2a: Pecharunt\n|-supereffective|p2a: Pecharunt\n|-damage|p2a: Pecharunt|58/100\n|-enditem|p2a: Pecharunt|Air Balloon\n|move|p2a: Pecharunt|Malignant Chain|p1a: Iron Boulder\n|-resisted|p1a: Iron Boulder\n|-crit|p1a: Iron Boulder\n|-damage|p1a: Iron Boulder|85/100\n|-status|p1a: Iron Boulder|tox\n|-start|p1a: Iron Boulder|confusion|[from] ability: Poison Puppeteer|[of] p2a: Pecharunt\n|\n|-weather|Sandstorm|[upkeep]\n|-damage|p2a: Pecharunt|52/100|[from] Sandstorm\n|-damage|p1a: Iron Boulder|78/100 tox|[from] psn\n|upkeep\n|turn|6\n|\n|t:|1788269530\n|-activate|p1a: Iron Boulder|confusion\n|move|p1a: Iron Boulder|Swords Dance|p1a: Iron Boulder\n|-boost|p1a: Iron Boulder|atk|2\n|move|p2a: Pecharunt|Recover|p2a: Pecharunt\n|-heal|p2a: Pecharunt|100/100\n|\n|-weather|Sandstorm|[upkeep]\n|-damage|p2a: Pecharunt|94/100|[from] Sandstorm\n|-damage|p1a: Iron Boulder|66/100 tox|[from] psn\n|upkeep\n|turn|7\n|\n|t:|1788269538\n|-activate|p1a: Iron Boulder|confusion\n|move|p1a: Iron Boulder|Mighty Cleave|p2a: Pecharunt\n|-damage|p2a: Pecharunt|48/100\n|move|p2a: Pecharunt|Recover|p2a: Pecharunt\n|-heal|p2a: Pecharunt|98/100\n|\n|-weather|Sandstorm|[upkeep]\n|-damage|p2a: Pecharunt|92/100|[from] Sandstorm\n|-damage|p1a: Iron Boulder|47/100 tox|[from] psn\n|upkeep\n|turn|8\n|\n|t:|1788269545\n|-end|p1a: Iron Boulder|confusion\n|move|p1a: Iron Boulder|Zen Headbutt|p2a: Pecharunt\n|-supereffective|p2a: Pecharunt\n|-damage|p2a: Pecharunt|16/100\n|move|p2a: Pecharunt|Shadow Ball|p1a: Iron Boulder\n|-supereffective|p1a: Iron Boulder\n|-damage|p1a: Iron Boulder|17/100 tox\n|\n|-weather|none\n|-damage|p1a: Iron Boulder|0 fnt|[from] psn\n|faint|p1a: Iron Boulder\n|-end|p1a: Iron Boulder|Quark Drive|[silent]\n|upkeep\n|\n|t:|1788269556\n|switch|p1a: Zamazenta|Zamazenta|100/100\n|-ability|p1a: Zamazenta|Dauntless Shield|boost\n|-boost|p1a: Zamazenta|def|1\n|turn|9\n|\n|t:|1788269562\n|move|p1a: Zamazenta|Crunch|p2a: Pecharunt\n|-supereffective|p2a: Pecharunt\n|-damage|p2a: Pecharunt|0 fnt\n|faint|p2a: Pecharunt\n|-damage|p1a: Zamazenta|91/100|[from] item: Life Orb\n|\n|upkeep\n|\n|t:|1788269565\n|switch|p2a: Rotom|Rotom-Wash|100/100\n|turn|10\n|j| Slashutu\n|l| Slashutu\n|\n|t:|1788269570\n|switch|p1a: Hatterene|Hatterene, F|100/100\n|move|p2a: Rotom|Volt Switch|p1a: Hatterene\n|-damage|p1a: Hatterene|75/100\n|\n|t:|1788269576\n|switch|p2a: Tyranitar|Tyranitar, F|100/100|[from] Volt Switch\n|-weather|Sandstorm|[from] ability: Sand Stream|[of] p2a: Tyranitar\n|\n|-weather|Sandstorm|[upkeep]\n|-damage|p1a: Hatterene|69/100|[from] Sandstorm\n|upkeep\n|turn|11\n|\n|t:|1788269581\n|move|p2a: Tyranitar|Knock Off|p1a: Hatterene\n|-damage|p1a: Hatterene|33/100\n|-damage|p2a: Tyranitar|84/100|[from] item: Rocky Helmet|[of] p1a: Hatterene\n|-enditem|p1a: Hatterene|Rocky Helmet|[from] move: Knock Off|[of] p2a: Tyranitar\n|move|p1a: Hatterene|Draining Kiss|p2a: Tyranitar\n|-supereffective|p2a: Tyranitar\n|-damage|p2a: Tyranitar|64/100\n|-heal|p1a: Hatterene|52/100|[from] drain|[of] p2a: Tyranitar\n|\n|-weather|Sandstorm|[upkeep]\n|-damage|p1a: Hatterene|46/100|[from] Sandstorm\n|upkeep\n|turn|12\n|\n|t:|1788269585\n|switch|p2a: Excadrill|Excadrill, M|100/100\n|move|p1a: Hatterene|Draining Kiss|p2a: Excadrill\n|-resisted|p2a: Excadrill\n|-damage|p2a: Excadrill|84/100\n|-heal|p1a: Hatterene|60/100|[from] drain|[of] p2a: Excadrill\n|\n|-weather|Sandstorm|[upkeep]\n|-damage|p1a: Hatterene|54/100|[from] Sandstorm\n|upkeep\n|turn|13\n|inactive|swagswag234 has 120 seconds left.\n|l| leahstardewhotdamn\n|inactive|swagswag234 has 90 seconds left.\n|\n|t:|1788269668\n|move|p2a: Excadrill|Earthquake|p1a: Hatterene\n|-damage|p1a: Hatterene|0 fnt\n|faint|p1a: Hatterene\n|-damage|p2a: Excadrill|74/100|[from] item: Life Orb\n|\n|-weather|Sandstorm|[upkeep]\n|upkeep\n|\n|t:|1788269675\n|switch|p1a: Zamazenta|Zamazenta|91/100\n|turn|14\n|\n|t:|1788269680\n|-terastallize|p2a: Excadrill|Ground\n|move|p2a: Excadrill|Earthquake|p1a: Zamazenta\n|-damage|p1a: Zamazenta|4/100\n|-damage|p2a: Excadrill|64/100|[from] item: Life Orb\n|move|p1a: Zamazenta|Close Combat|p2a: Excadrill\n|-damage|p2a: Excadrill|0 fnt\n|-unboost|p1a: Zamazenta|def|1\n|-unboost|p1a: Zamazenta|spd|1\n|faint|p2a: Excadrill\n|-damage|p1a: Zamazenta|0 fnt|[from] item: Life Orb\n|faint|p1a: Zamazenta\n|\n|-weather|Sandstorm|[upkeep]\n|upkeep\n|\n|t:|1788269691\n|switch|p1a: Dragonite|Dragonite, M|100/100\n|switch|p2a: Tyranitar|Tyranitar, F|64/100\n|turn|15\n|\n|t:|1788269695\n|move|p1a: Dragonite|Earthquake|p2a: Tyranitar\n|-supereffective|p2a: Tyranitar\n|-damage|p2a: Tyranitar|0 fnt\n|faint|p2a: Tyranitar\n|\n|-weather|Sandstorm|[upkeep]\n|-damage|p1a: Dragonite|94/100|[from] Sandstorm\n|upkeep\n|\n|t:|1788269698\n|switch|p2a: Garchomp|Garchomp, M|47/100\n|turn|16\n|\n|t:|1788269712\n|move|p2a: Garchomp|Scale Shot|p1a: Dragonite|[miss]\n|-miss|p2a: Garchomp|p1a: Dragonite\n|move|p1a: Dragonite|Earthquake|p2a: Garchomp\n|-damage|p2a: Garchomp|0 fnt\n|faint|p2a: Garchomp\n|\n|-weather|Sandstorm|[upkeep]\n|-damage|p1a: Dragonite|88/100|[from] Sandstorm\n|upkeep\n|\n|t:|1788269717\n|switch|p2a: Rotom|Rotom-Wash|100/100\n|turn|17\n|\n|t:|1788269719\n|switch|p1a: Raging Bolt|Raging Bolt|100/100\n|move|p2a: Rotom|Will-O-Wisp|p1a: Raging Bolt\n|-status|p1a: Raging Bolt|brn\n|\n|-weather|none\n|-damage|p1a: Raging Bolt|94/100 brn|[from] brn\n|upkeep\n|turn|18\n|\n|t:|1788269725\n|move|p1a: Raging Bolt|Thunderbolt|p2a: Rotom\n|-damage|p2a: Rotom|19/100\n|move|p2a: Rotom|Volt Switch|p1a: Raging Bolt\n|-resisted|p1a: Raging Bolt\n|-damage|p1a: Raging Bolt|88/100 brn\n|\n|t:|1788269728\n|switch|p2a: Kingambit|Kingambit, F|100/100|[from] Volt Switch\n|-activate|p2a: Kingambit|ability: Supreme Overlord\n|-start|p2a: Kingambit|fallen4|[silent]\n|\n|-damage|p1a: Raging Bolt|82/100 brn|[from] brn\n|upkeep\n|turn|19\n|\n|t:|1788269734\n|move|p1a: Raging Bolt|Thunderbolt|p2a: Kingambit\n|-damage|p2a: Kingambit|10/100\n|move|p2a: Kingambit|Kowtow Cleave|p1a: Raging Bolt\n|-damage|p1a: Raging Bolt|8/100 brn\n|\n|-damage|p1a: Raging Bolt|2/100 brn|[from] brn\n|upkeep\n|turn|20\n|\n|t:|1788269740\n|move|p2a: Kingambit|Sucker Punch|p1a: Raging Bolt\n|-damage|p1a: Raging Bolt|0 fnt\n|faint|p1a: Raging Bolt\n|-end|p1a: Raging Bolt|Protosynthesis|[silent]\n|\n|upkeep\n|\n|t:|1788269741\n|switch|p1a: Dragonite|Dragonite, M|88/100\n|turn|21\n|\n|t:|1788269747\n|move|p1a: Dragonite|Extreme Speed|p2a: Kingambit\n|-resisted|p2a: Kingambit\n|-damage|p2a: Kingambit|0 fnt\n|faint|p2a: Kingambit\n|-end|p2a: Kingambit|fallen4|[silent]\n|\n|upkeep\n|-message|swagswag234 forfeited.\n|\n|win|ykykp\n|raw|ykykp's rating: 1647 &rarr; <strong>1661</strong><br />(+14 for winning)\n|raw|swagswag234's rating: 1543 &rarr; <strong>1529</strong><br />(-14 for losing)\n|l|\u2606swagswag234\n|player|p2|\n|l|\u2606ykykp\n|player|p1|\n", "uploadtime": 1788269989, "views": "1", "formatid": "gen9ou", "rating": 1529, "private": 0, "password": null}