{"id": "gen9ou-2673998094", "format": "[Gen 9] OU", "players": ["d3grad3 m3", "Khinelalala"], "log": "|j|\u203dd3grad3 m3\n|j|\u2606Khinelalala\n|t:|1788286436\n|gametype|singles\n|player|p1|d3grad3 m3|swimmerf|1461\n|player|p2|Khinelalala|102|1523\n|gen|9\n|tier|[Gen 9] OU\n|rated|\n|rule|HP Percentage Mod: HP is shown in percentages\n|rule|Endless Battle Clause: Forcing endless battles is banned\n|rule|Species Clause: Limit one of each Pok\u00e9mon\n|rule|OHKO Clause: OHKO moves are banned\n|rule|Evasion Items Clause: Evasion items are banned\n|rule|Evasion Moves Clause: Evasion moves are banned\n|rule|Evasion Abilities Clause: Evasion abilities are banned\n|rule|Sleep Moves Clause: Sleep-inducing moves are banned\n|clearpoke\n|poke|p1|Zamazenta-*|\n|poke|p1|Ninetales-Alola, F|\n|poke|p1|Manaphy|\n|poke|p1|Great Tusk|\n|poke|p1|Samurott-Hisui, M|\n|poke|p1|Cresselia, F|\n|poke|p2|Torkoal, F|\n|poke|p2|Walking Wake|\n|poke|p2|Venusaur, M|\n|poke|p2|Slither Wing|\n|poke|p2|Great Tusk|\n|poke|p2|Hatterene, F|\n|teampreview\n|\n|t:|1788286453\n|teamsize|p1|6\n|teamsize|p2|6\n|start\n|switch|p1a: Samurott|Samurott-Hisui, M|100/100\n|switch|p2a: Slither Wing|Slither Wing|100/100\n|turn|1\n|\n|t:|1788286463\n|move|p1a: Samurott|Knock Off|p2a: Slither Wing\n|-resisted|p2a: Slither Wing\n|-damage|p2a: Slither Wing|73/100\n|-enditem|p2a: Slither Wing|Choice Band|[from] move: Knock Off|[of] p1a: Samurott\n|move|p2a: Slither Wing|U-turn|p1a: Samurott\n|-supereffective|p1a: Samurott\n|-enditem|p1a: Samurott|Focus Sash\n|-damage|p1a: Samurott|1/100\n|\n|t:|1788286483\n|-end|p2a: Slither Wing|Protosynthesis|[silent]\n|switch|p2a: Walking Wake|Walking Wake|100/100|[from] U-turn\n|\n|upkeep\n|turn|2\n|l|\u203dd3grad3 m3\n|player|p1|\n|inactive|Battle timer is ON: inactive players will automatically lose when time's up. (requested by Khinelalala)\n|j|\u203dd3grad3 m3\n|inactive|d3grad3 m3 reconnected and has 150 seconds left.\n|player|p1|d3grad3 m3|swimmerf|\n|n|\u203dd3grad3 m3|d3grad3m3\n|\n|t:|1788286512\n|-end|p2a: Walking Wake|Protosynthesis|[silent]\n|switch|p2a: Slither Wing|Slither Wing|73/100\n|move|p1a: Samurott|Sucker Punch||[still]\n|-fail|p1a: Samurott\n|\n|upkeep\n|turn|3\n|\n|t:|1788286516\n|move|p2a: Slither Wing|First Impression|p1a: Samurott\n|-supereffective|p1a: Samurott\n|-damage|p1a: Samurott|0 fnt\n|faint|p1a: Samurott\n|\n|upkeep\n|\n|t:|1788286525\n|switch|p1a: Zamazenta|Zamazenta|100/100\n|-ability|p1a: Zamazenta|Dauntless Shield|boost\n|-boost|p1a: Zamazenta|def|1\n|turn|4\n|\n|t:|1788286530\n|move|p1a: Zamazenta|Iron Defense|p1a: Zamazenta\n|-boost|p1a: Zamazenta|def|2\n|move|p2a: Slither Wing|U-turn|p1a: Zamazenta\n|-resisted|p1a: Zamazenta\n|-damage|p1a: Zamazenta|95/100\n|\n|t:|1788286532\n|-end|p2a: Slither Wing|Protosynthesis|[silent]\n|switch|p2a: Torkoal|Torkoal, F|100/100|[from] U-turn\n|-weather|SunnyDay|[from] ability: Drought|[of] p2a: Torkoal\n|\n|-weather|SunnyDay|[upkeep]\n|-heal|p1a: Zamazenta|100/100|[from] item: Leftovers\n|upkeep\n|turn|5\n|\n|t:|1788286535\n|move|p1a: Zamazenta|Body Press|p2a: Torkoal\n|-damage|p2a: Torkoal|47/100\n|move|p2a: Torkoal|Will-O-Wisp|p1a: Zamazenta\n|-status|p1a: Zamazenta|brn\n|\n|-weather|SunnyDay|[upkeep]\n|-damage|p1a: Zamazenta|95/100 brn|[from] brn\n|upkeep\n|turn|6\n|\n|t:|1788286543\n|switch|p2a: Hatterene|Hatterene, F|100/100\n|move|p1a: Zamazenta|Iron Defense|p1a: Zamazenta\n|-boost|p1a: Zamazenta|def|2\n|\n|-weather|SunnyDay|[upkeep]\n|-heal|p1a: Zamazenta|100/100 brn|[from] item: Leftovers\n|-damage|p1a: Zamazenta|95/100 brn|[from] brn\n|upkeep\n|turn|7\n|\n|t:|1788286547\n|move|p1a: Zamazenta|Heavy Slam|p2a: Hatterene\n|-supereffective|p2a: Hatterene\n|-damage|p2a: Hatterene|62/100\n|-enditem|p2a: Hatterene|Eject Button\n|\n|t:|1788286549\n|switch|p2a: Walking Wake|Walking Wake|100/100\n|-activate|p2a: Walking Wake|ability: Protosynthesis\n|-start|p2a: Walking Wake|protosynthesisspa\n|\n|-weather|SunnyDay|[upkeep]\n|-heal|p1a: Zamazenta|100/100 brn|[from] item: Leftovers\n|-damage|p1a: Zamazenta|95/100 brn|[from] brn\n|upkeep\n|turn|8\n|\n|t:|1788286559\n|switch|p1a: Ninetales|Ninetales-Alola, F|100/100\n|-weather|Snowscape|[from] ability: Snow Warning|[of] p1a: Ninetales\n|-end|p2a: Walking Wake|Protosynthesis\n|move|p2a: Walking Wake|Hydro Steam|p1a: Ninetales\n|-damage|p1a: Ninetales|45/100\n|\n|-weather|Snowscape|[upkeep]\n|upkeep\n|turn|9\n|\n|t:|1788286568\n|-end|p2a: Walking Wake|Protosynthesis|[silent]\n|switch|p2a: Torkoal|Torkoal, F|47/100\n|-weather|SunnyDay|[from] ability: Drought|[of] p2a: Torkoal\n|move|p1a: Ninetales|Snowscape|p1a: Ninetales\n|-weather|Snowscape\n|\n|-weather|Snowscape|[upkeep]\n|upkeep\n|turn|10\n|\n|t:|1788286580\n|switch|p2a: Hatterene|Hatterene, F|62/100\n|move|p1a: Ninetales|Aurora Veil|p1a: Ninetales\n|-sidestart|p1: d3grad3 m3|move: Aurora Veil\n|\n|-weather|Snowscape|[upkeep]\n|upkeep\n|turn|11\n|\n|t:|1788286591\n|switch|p1a: Great Tusk|Great Tusk|100/100\n|move|p2a: Hatterene|Mystical Fire|p1a: Great Tusk\n|-damage|p1a: Great Tusk|85/100\n|-unboost|p1a: Great Tusk|spa|1\n|\n|-weather|Snowscape|[upkeep]\n|upkeep\n|turn|12\n|\n|t:|1788286603\n|-end|p1a: Great Tusk|Protosynthesis|[silent]\n|switch|p1a: Cresselia|Cresselia, F|100/100\n|move|p2a: Hatterene|Psychic Noise|p1a: Cresselia\n|-resisted|p1a: Cresselia\n|-damage|p1a: Cresselia|95/100\n|\n|-weather|Snowscape|[upkeep]\n|upkeep\n|turn|13\n|\n|t:|1788286617\n|switch|p2a: Torkoal|Torkoal, F|47/100\n|-weather|SunnyDay|[from] ability: Drought|[of] p2a: Torkoal\n|move|p1a: Cresselia|Calm Mind|p1a: Cresselia\n|-boost|p1a: Cresselia|spa|1\n|-boost|p1a: Cresselia|spd|1\n|\n|-weather|SunnyDay|[upkeep]\n|upkeep\n|turn|14\n|\n|t:|1788286626\n|switch|p2a: Hatterene|Hatterene, F|62/100\n|move|p1a: Cresselia|Calm Mind|p1a: Cresselia\n|-boost|p1a: Cresselia|spa|1\n|-boost|p1a: Cresselia|spd|1\n|\n|-weather|SunnyDay|[upkeep]\n|upkeep\n|turn|15\n|\n|t:|1788286631\n|move|p1a: Cresselia|Calm Mind|p1a: Cresselia\n|-boost|p1a: Cresselia|spa|1\n|-boost|p1a: Cresselia|spd|1\n|move|p2a: Hatterene|Mystical Fire|p1a: Cresselia\n|-damage|p1a: Cresselia|90/100\n|\n|-weather|SunnyDay|[upkeep]\n|upkeep\n|turn|16\n|\n|t:|1788286636\n|move|p1a: Cresselia|Calm Mind|p1a: Cresselia\n|-boost|p1a: Cresselia|spa|1\n|-boost|p1a: Cresselia|spd|1\n|move|p2a: Hatterene|Healing Wish|p2a: Hatterene\n|faint|p2a: Hatterene\n|\n|-weather|SunnyDay|[upkeep]\n|upkeep\n|\n|t:|1788286641\n|switch|p2a: Slither Wing|Slither Wing|73/100\n|-heal|p2a: Slither Wing|100/100|[from] move: Healing Wish\n|-activate|p2a: Slither Wing|ability: Protosynthesis\n|-start|p2a: Slither Wing|protosynthesisatk\n|turn|17\n|\n|t:|1788286646\n|-terastallize|p1a: Cresselia|Poison\n|move|p2a: Slither Wing|U-turn|p1a: Cresselia\n|-resisted|p1a: Cresselia\n|-damage|p1a: Cresselia|84/100\n|\n|t:|1788286664\n|-end|p2a: Slither Wing|Protosynthesis|[silent]\n|switch|p2a: Venusaur|Venusaur, M|100/100|[from] U-turn\n|move|p1a: Cresselia|Stored Power|p2a: Venusaur\n|-supereffective|p2a: Venusaur\n|-damage|p2a: Venusaur|0 fnt\n|faint|p2a: Venusaur\n|\n|-weather|SunnyDay|[upkeep]\n|-sideend|p1: d3grad3 m3|move: Aurora Veil\n|upkeep\n|\n|t:|1788286667\n|switch|p2a: Slither Wing|Slither Wing|100/100\n|-activate|p2a: Slither Wing|ability: Protosynthesis\n|-start|p2a: Slither Wing|protosynthesisatk\n|turn|18\n|\n|t:|1788286671\n|move|p2a: Slither Wing|Close Combat|p1a: Cresselia\n|-resisted|p1a: Cresselia\n|-crit|p1a: Cresselia\n|-damage|p1a: Cresselia|52/100\n|-unboost|p2a: Slither Wing|def|1\n|-unboost|p2a: Slither Wing|spd|1\n|move|p1a: Cresselia|Moonblast|p2a: Slither Wing\n|-supereffective|p2a: Slither Wing\n|-damage|p2a: Slither Wing|0 fnt\n|faint|p2a: Slither Wing\n|-end|p2a: Slither Wing|Protosynthesis|[silent]\n|\n|-weather|SunnyDay|[upkeep]\n|upkeep\n|\n|t:|1788286674\n|switch|p2a: Walking Wake|Walking Wake|100/100\n|-activate|p2a: Walking Wake|ability: Protosynthesis\n|-start|p2a: Walking Wake|protosynthesisspa\n|turn|19\n|\n|t:|1788286677\n|move|p2a: Walking Wake|Hydro Steam|p1a: Cresselia\n|-damage|p1a: Cresselia|27/100\n|move|p1a: Cresselia|Moonlight|p1a: Cresselia\n|-heal|p1a: Cresselia|93/100\n|\n|-weather|SunnyDay|[upkeep]\n|upkeep\n|turn|20\n|\n|t:|1788286684\n|-terastallize|p2a: Walking Wake|Water\n|move|p2a: Walking Wake|Hydro Steam|p1a: Cresselia\n|-damage|p1a: Cresselia|58/100\n|move|p1a: Cresselia|Moonblast|p2a: Walking Wake\n|-damage|p2a: Walking Wake|36/100\n|\n|-weather|none\n|-end|p2a: Walking Wake|Protosynthesis\n|upkeep\n|turn|21\n|-message|Khinelalala forfeited.\n|\n|win|d3grad3 m3\n|raw|d3grad3 m3's rating: 1461 &rarr; <strong>1485</strong><br />(+24 for winning)\n|raw|Khinelalala's rating: 1523 &rarr; <strong>1499</strong><br />(-24 for losing)\n|l|\u2606Khinelalala\n|player|p2|\n", "uploadtime": 1788286695, "views": "9", "formatid": "gen9ou", "rating": 1485, "private": 0, "password": null}