{"id": "gen9ou-2674048995", "format": "[Gen 9] OU", "players": ["hindus curry", "wattinculo"], "log": "|j|\u2606hindus curry\n|j|\u2606wattinculo\n|t:|1788292470\n|gametype|singles\n|player|p1|hindus curry|2|1461\n|player|p2|wattinculo|102|1528\n|gen|9\n|tier|[Gen 9] OU\n|rated|\n|rule|HP Percentage Mod: HP is shown in percentages\n|rule|Endless Battle Clause: Forcing endless battles is banned\n|rule|Species Clause: Limit one of each Pok\u00e9mon\n|rule|OHKO Clause: OHKO moves are banned\n|rule|Evasion Items Clause: Evasion items are banned\n|rule|Evasion Moves Clause: Evasion moves are banned\n|rule|Evasion Abilities Clause: Evasion abilities are banned\n|rule|Sleep Moves Clause: Sleep-inducing moves are banned\n|clearpoke\n|poke|p1|Slither Wing|\n|poke|p1|Great Tusk|\n|poke|p1|Ninetales, F|\n|poke|p1|Walking Wake|\n|poke|p1|Heatran, F|\n|poke|p1|Whimsicott, M|\n|poke|p2|Ogerpon-Wellspring, F|\n|poke|p2|Gholdengo|\n|poke|p2|Moltres|\n|poke|p2|Iron Valiant|\n|poke|p2|Great Tusk|\n|poke|p2|Rillaboom, M|\n|teampreview\n|inactive|Battle timer is ON: inactive players will automatically lose when time's up. (requested by hindus curry)\n|\n|t:|1788292492\n|teamsize|p1|6\n|teamsize|p2|6\n|start\n|switch|p1a: Ninetales|Ninetales, F|100/100\n|switch|p2a: Great Tusk|Great Tusk|100/100\n|-weather|SunnyDay|[from] ability: Drought|[of] p1a: Ninetales\n|-activate|p2a: Great Tusk|ability: Protosynthesis\n|-start|p2a: Great Tusk|protosynthesisatk\n|turn|1\n|\n|t:|1788292497\n|switch|p1a: Heatran|Heatran, F|100/100\n|-item|p1a: Heatran|Air Balloon\n|move|p2a: Great Tusk|Headlong Rush|p1a: Heatran\n|-immune|p1a: Heatran\n|\n|-weather|SunnyDay|[upkeep]\n|upkeep\n|turn|2\n|\n|t:|1788292503\n|switch|p1a: Walking Wake|Walking Wake|100/100\n|-activate|p1a: Walking Wake|ability: Protosynthesis\n|-start|p1a: Walking Wake|protosynthesisspa\n|move|p2a: Great Tusk|Stone Edge|p1a: Walking Wake\n|-damage|p1a: Walking Wake|48/100\n|\n|-weather|SunnyDay|[upkeep]\n|upkeep\n|turn|3\n|\n|t:|1788292510\n|-end|p2a: Great Tusk|Protosynthesis|[silent]\n|switch|p2a: Iron Valiant|Iron Valiant|100/100\n|-enditem|p2a: Iron Valiant|Booster Energy\n|-activate|p2a: Iron Valiant|ability: Quark Drive|[fromitem]\n|-start|p2a: Iron Valiant|quarkdrivespe\n|move|p1a: Walking Wake|Flamethrower|p2a: Iron Valiant\n|-damage|p2a: Iron Valiant|0 fnt\n|faint|p2a: Iron Valiant\n|-end|p2a: Iron Valiant|Quark Drive|[silent]\n|\n|-weather|SunnyDay|[upkeep]\n|upkeep\n|\n|t:|1788292521\n|switch|p2a: Rillaboom|Rillaboom, M|100/100\n|-fieldstart|move: Grassy Terrain|[from] ability: Grassy Surge|[of] p2a: Rillaboom\n|turn|4\n|\n|t:|1788292528\n|-end|p1a: Walking Wake|Protosynthesis|[silent]\n|switch|p1a: Slither Wing|Slither Wing|100/100\n|-activate|p1a: Slither Wing|ability: Protosynthesis\n|-start|p1a: Slither Wing|protosynthesisspd\n|switch|p2a: Great Tusk|Great Tusk|100/100\n|-activate|p2a: Great Tusk|ability: Protosynthesis\n|-start|p2a: Great Tusk|protosynthesisatk\n|\n|-weather|SunnyDay|[upkeep]\n|upkeep\n|turn|5\n|\n|t:|1788292531\n|move|p2a: Great Tusk|Stealth Rock|p1a: Slither Wing\n|-sidestart|p1: hindus curry|move: Stealth Rock\n|move|p1a: Slither Wing|U-turn|p2a: Great Tusk\n|-resisted|p2a: Great Tusk\n|-damage|p2a: Great Tusk|88/100\n|\n|t:|1788292533\n|-end|p1a: Slither Wing|Protosynthesis|[silent]\n|switch|p1a: Walking Wake|Walking Wake|48/100|[from] U-turn\n|-damage|p1a: Walking Wake|35/100|[from] Stealth Rock\n|-activate|p1a: Walking Wake|ability: Protosynthesis\n|-start|p1a: Walking Wake|protosynthesisspa\n|\n|-weather|SunnyDay|[upkeep]\n|-heal|p1a: Walking Wake|41/100|[from] Grassy Terrain\n|-heal|p2a: Great Tusk|94/100|[from] Grassy Terrain\n|upkeep\n|turn|6\n|\n|t:|1788292540\n|move|p1a: Walking Wake|Hydro Steam|p2a: Great Tusk\n|-supereffective|p2a: Great Tusk\n|-damage|p2a: Great Tusk|0 fnt\n|faint|p2a: Great Tusk\n|-end|p2a: Great Tusk|Protosynthesis|[silent]\n|\n|-weather|SunnyDay|[upkeep]\n|-heal|p1a: Walking Wake|48/100|[from] Grassy Terrain\n|upkeep\n|\n|t:|1788292543\n|switch|p2a: Ogerpon|Ogerpon-Wellspring, F|100/100\n|turn|7\n|\n|t:|1788292546\n|-end|p1a: Walking Wake|Protosynthesis|[silent]\n|switch|p1a: Whimsicott|Whimsicott, M|100/100\n|-damage|p1a: Whimsicott|88/100|[from] Stealth Rock\n|move|p2a: Ogerpon|Swords Dance|p2a: Ogerpon\n|-boost|p2a: Ogerpon|atk|2\n|\n|-weather|SunnyDay|[upkeep]\n|-heal|p1a: Whimsicott|94/100|[from] Grassy Terrain\n|upkeep\n|turn|8\n|\n|t:|1788292551\n|switch|p2a: Moltres|Moltres|100/100\n|-terastallize|p1a: Whimsicott|Grass\n|move|p1a: Whimsicott|Solar Beam||[still]\n|-prepare|p1a: Whimsicott|Solar Beam\n|-anim|p1a: Whimsicott|Solar Beam|p2a: Moltres\n|-resisted|p2a: Moltres\n|-damage|p2a: Moltres|66/100\n|\n|-weather|none\n|-heal|p1a: Whimsicott|100/100|[from] Grassy Terrain\n|-fieldend|move: Grassy Terrain\n|upkeep\n|turn|9\n|\n|t:|1788292557\n|switch|p1a: Ninetales|Ninetales, F|100/100\n|-damage|p1a: Ninetales|76/100|[from] Stealth Rock\n|-weather|SunnyDay|[from] ability: Drought|[of] p1a: Ninetales\n|switch|p2a: Ogerpon|Ogerpon-Wellspring, F|100/100\n|\n|-weather|SunnyDay|[upkeep]\n|upkeep\n|turn|10\n|\n|t:|1788292561\n|switch|p1a: Whimsicott|Whimsicott, M, tera:Grass|100/100\n|-damage|p1a: Whimsicott|88/100|[from] Stealth Rock\n|move|p2a: Ogerpon|Ivy Cudgel|p1a: Whimsicott|[anim] Ivy Cudgel Water\n|-resisted|p1a: Whimsicott\n|-damage|p1a: Whimsicott|67/100\n|\n|-weather|SunnyDay|[upkeep]\n|upkeep\n|turn|11\n|\n|t:|1788292566\n|switch|p2a: Moltres|Moltres|66/100\n|move|p1a: Whimsicott|Switcheroo|p2a: Moltres\n|-activate|p1a: Whimsicott|move: Trick|[of] p2a: Moltres\n|-item|p2a: Moltres|Choice Specs|[from] move: Switcheroo\n|-item|p1a: Whimsicott|Heavy-Duty Boots|[from] move: Switcheroo\n|\n|-weather|SunnyDay|[upkeep]\n|upkeep\n|turn|12\n|\n|t:|1788292570\n|move|p1a: Whimsicott|U-turn|p2a: Moltres\n|-resisted|p2a: Moltres\n|-damage|p2a: Moltres|64/100\n|\n|t:|1788292571\n|switch|p1a: Heatran|Heatran, F|100/100|[from] U-turn\n|-damage|p1a: Heatran|88/100|[from] Stealth Rock\n|-item|p1a: Heatran|Air Balloon\n|move|p2a: Moltres|Roost|p2a: Moltres\n|-heal|p2a: Moltres|100/100\n|-singleturn|p2a: Moltres|move: Roost\n|\n|-weather|SunnyDay|[upkeep]\n|upkeep\n|turn|13\n|\n|t:|1788292579\n|switch|p2a: Ogerpon|Ogerpon-Wellspring, F|100/100\n|move|p1a: Heatran|Stealth Rock|p2a: Ogerpon\n|-sidestart|p2: wattinculo|move: Stealth Rock\n|\n|-weather|SunnyDay|[upkeep]\n|upkeep\n|turn|14\n|inactive|hindus curry has 120 seconds left.\n|\n|t:|1788292611\n|move|p2a: Ogerpon|Swords Dance|p2a: Ogerpon\n|-boost|p2a: Ogerpon|atk|2\n|move|p1a: Heatran|Magma Storm|p2a: Ogerpon\n|-damage|p2a: Ogerpon|3/100\n|-activate|p2a: Ogerpon|move: Magma Storm|[of] p1a: Heatran\n|\n|-weather|SunnyDay|[upkeep]\n|-damage|p2a: Ogerpon|0 fnt|[from] move: Magma Storm|[partiallytrapped]\n|faint|p2a: Ogerpon\n|upkeep\n|-message|wattinculo forfeited.\n|\n|win|hindus curry\n|raw|hindus curry's rating: 1461 &rarr; <strong>1485</strong><br />(+24 for winning)\n|raw|wattinculo's rating: 1528 &rarr; <strong>1504</strong><br />(-24 for losing)\n|l|\u2606wattinculo\n|player|p2|\n", "uploadtime": 1788292617, "views": "0", "formatid": "gen9ou", "rating": 1485, "private": 0, "password": null}