{"id": "gen9ou-2673977785", "format": "[Gen 9] OU", "players": ["FishOfTheSea", "Alexander90281"], "log": "|badge|p2|bronze|gen9monotype|100-10\n|badge|p2|bronze|gen9ubers|100-10\n|uhtml|medal-msg|<div class=\"broadcast-blue\">Curious what those medals under the avatar are? PS now has Ladder Seasons! For more information, check out the <a href=\"https://www.smogon.com/forums/threads/3740067/\">thread on Smogon.</a></div>\n|j|\u2606FishOfTheSea\n|j|\u2606Alexander90281\n|t:|1788284084\n|gametype|singles\n|player|p1|FishOfTheSea|gladion|1715\n|player|p2|Alexander90281|tateandliza-gen3|1685\n|gen|9\n|tier|[Gen 9] OU\n|rated|\n|rule|HP Percentage Mod: HP is shown in percentages\n|rule|Endless Battle Clause: Forcing endless battles is banned\n|rule|Species Clause: Limit one of each Pok\u00e9mon\n|rule|OHKO Clause: OHKO moves are banned\n|rule|Evasion Items Clause: Evasion items are banned\n|rule|Evasion Moves Clause: Evasion moves are banned\n|rule|Evasion Abilities Clause: Evasion abilities are banned\n|rule|Sleep Moves Clause: Sleep-inducing moves are banned\n|clearpoke\n|poke|p1|Slowking-Galar, M|\n|poke|p1|Gliscor, M|\n|poke|p1|Clefable, F|\n|poke|p1|Gholdengo|\n|poke|p1|Dragonite, F|\n|poke|p1|Zamazenta-*|\n|poke|p2|Mimikyu, F|\n|poke|p2|Hatterene, F|\n|poke|p2|Ursaluna, F|\n|poke|p2|Kingambit, M|\n|poke|p2|Sinistcha|\n|poke|p2|Ogerpon-Wellspring, F|\n|teampreview\n|inactive|Battle timer is ON: inactive players will automatically lose when time's up. (requested by FishOfTheSea)\n|\n|t:|1788284096\n|teamsize|p1|6\n|teamsize|p2|6\n|start\n|switch|p1a: Slowking|Slowking-Galar, M|100/100\n|switch|p2a: Ogerpon|Ogerpon-Wellspring, F|100/100\n|turn|1\n|\n|t:|1788284102\n|move|p2a: Ogerpon|Swords Dance|p2a: Ogerpon\n|-boost|p2a: Ogerpon|atk|2\n|move|p1a: Slowking|Sludge Bomb|p2a: Ogerpon\n|-supereffective|p2a: Ogerpon\n|-damage|p2a: Ogerpon|20/100\n|\n|upkeep\n|turn|2\n|\n|t:|1788284107\n|switch|p1a: Dragonite|Dragonite, F|100/100\n|move|p2a: Ogerpon|Ivy Cudgel|p1a: Dragonite|[anim] Ivy Cudgel Water\n|-resisted|p1a: Dragonite\n|-damage|p1a: Dragonite|75/100\n|\n|upkeep\n|turn|3\n|\n|t:|1788284112\n|switch|p2a: Sinistcha|Sinistcha|100/100\n|move|p1a: Dragonite|Extreme Speed|p2a: Sinistcha\n|-immune|p2a: Sinistcha\n|\n|upkeep\n|turn|4\n|\n|t:|1788284117\n|switch|p1a: Slowking|Slowking-Galar, M|100/100\n|move|p2a: Sinistcha|Trick Room|p2a: Sinistcha\n|-fieldstart|move: Trick Room|[of] p2a: Sinistcha\n|\n|upkeep\n|turn|5\n|\n|t:|1788284120\n|switch|p2a: Ursaluna|Ursaluna, F|100/100\n|-prepare|p1a: Slowking|Chilly Reception|[premajor]\n|move|p1a: Slowking|Chilly Reception|p1a: Slowking\n|-weather|Snowscape\n|\n|t:|1788284125\n|switch|p1a: Gliscor|Gliscor, M|100/100|[from] Chilly Reception\n|\n|-weather|Snowscape|[upkeep]\n|-status|p2a: Ursaluna|brn|[from] item: Flame Orb\n|-status|p1a: Gliscor|tox|[from] item: Toxic Orb\n|upkeep\n|turn|6\n|\n|t:|1788284132\n|move|p1a: Gliscor|Protect|p1a: Gliscor\n|-singleturn|p1a: Gliscor|Protect\n|move|p2a: Ursaluna|Swords Dance|p2a: Ursaluna\n|-boost|p2a: Ursaluna|atk|2\n|\n|-weather|Snowscape|[upkeep]\n|-damage|p2a: Ursaluna|94/100 brn|[from] brn\n|upkeep\n|turn|7\n|\n|t:|1788284138\n|switch|p1a: Gholdengo|Gholdengo|100/100\n|move|p2a: Ursaluna|Crunch|p1a: Gholdengo\n|-supereffective|p1a: Gholdengo\n|-damage|p1a: Gholdengo|0 fnt\n|faint|p1a: Gholdengo\n|\n|-weather|Snowscape|[upkeep]\n|-damage|p2a: Ursaluna|88/100 brn|[from] brn\n|upkeep\n|\n|t:|1788284144\n|switch|p1a: Gliscor|Gliscor, M|100/100 tox\n|turn|8\n|\n|t:|1788284147\n|move|p1a: Gliscor|Protect|p1a: Gliscor\n|-singleturn|p1a: Gliscor|Protect\n|move|p2a: Ursaluna|Swords Dance|p2a: Ursaluna\n|-boost|p2a: Ursaluna|atk|2\n|\n|-weather|Snowscape|[upkeep]\n|-damage|p2a: Ursaluna|82/100 brn|[from] brn\n|-fieldend|move: Trick Room\n|upkeep\n|turn|9\n|\n|t:|1788284152\n|move|p1a: Gliscor|Earthquake|p2a: Ursaluna\n|-damage|p2a: Ursaluna|56/100 brn\n|move|p2a: Ursaluna|Facade|p1a: Gliscor\n|-damage|p1a: Gliscor|0 fnt\n|faint|p1a: Gliscor\n|\n|-weather|none\n|-damage|p2a: Ursaluna|50/100 brn|[from] brn\n|upkeep\n|-message|FishOfTheSea forfeited.\n|\n|win|Alexander90281\n|raw|FishOfTheSea's rating: 1715 &rarr; <strong>1693</strong><br />(-22 for losing)\n|raw|Alexander90281's rating: 1685 &rarr; <strong>1707</strong><br />(+22 for winning)\n|l|\u2606FishOfTheSea\n|player|p1|\n|l|\u2606Alexander90281\n|player|p2|\n", "uploadtime": 1788284389, "views": "0", "formatid": "gen9ou", "rating": 1693, "private": 0, "password": null}