{"id": "gen9ou-2673870535", "format": "[Gen 9] OU", "players": ["JangarRifin", "Thederpa1"], "log": "|j|\u2606JangarRifin\n|j|\u2606Thederpa1\n|t:|1788271131\n|gametype|singles\n|player|p1|JangarRifin|102|1380\n|player|p2|Thederpa1|swimmer-gen4dp|1329\n|gen|9\n|tier|[Gen 9] OU\n|rated|\n|rule|HP Percentage Mod: HP is shown in percentages\n|rule|Endless Battle Clause: Forcing endless battles is banned\n|rule|Species Clause: Limit one of each Pok\u00e9mon\n|rule|OHKO Clause: OHKO moves are banned\n|rule|Evasion Items Clause: Evasion items are banned\n|rule|Evasion Moves Clause: Evasion moves are banned\n|rule|Evasion Abilities Clause: Evasion abilities are banned\n|rule|Sleep Moves Clause: Sleep-inducing moves are banned\n|clearpoke\n|poke|p1|Ninetales, M|\n|poke|p1|Cinderace, F|\n|poke|p1|Great Tusk|\n|poke|p1|Raging Bolt|\n|poke|p1|Walking Wake|\n|poke|p1|Venusaur, F|\n|poke|p2|Alomomola, M|\n|poke|p2|Dragapult, M|\n|poke|p2|Kyurem|\n|poke|p2|Iron Treads|\n|poke|p2|Tyranitar, F|\n|poke|p2|Gardevoir, F|\n|teampreview\n|inactive|Battle timer is ON: inactive players will automatically lose when time's up. (requested by Thederpa1)\n|inactive|JangarRifin has 120 seconds left.\n|\n|t:|1788271199\n|teamsize|p1|6\n|teamsize|p2|6\n|start\n|switch|p1a: DinoWater|Walking Wake|100/100\n|switch|p2a: Gardevoir|Gardevoir, F|100/100\n|turn|1\n|\n|t:|1788271221\n|move|p2a: Gardevoir|Moonblast|p1a: DinoWater\n|-supereffective|p1a: DinoWater\n|-damage|p1a: DinoWater|0 fnt\n|faint|p1a: DinoWater\n|-end|p1a: DinoWater|Protosynthesis|[silent]\n|\n|upkeep\n|\n|t:|1788271229\n|switch|p1a: Gumiho|Ninetales, M|100/100\n|-ability|p2a: Gardevoir|Drought|Trace|[from] ability: Trace|[of] p1a: Gumiho\n|-weather|SunnyDay|[from] ability: Drought|[of] p2a: Gardevoir\n|turn|2\n|\n|t:|1788271236\n|switch|p2a: Tyranitar|Tyranitar, F|100/100\n|-weather|Sandstorm|[from] ability: Sand Stream|[of] p2a: Tyranitar\n|move|p1a: Gumiho|Will-O-Wisp|p2a: Tyranitar\n|-status|p2a: Tyranitar|brn\n|\n|-weather|Sandstorm|[upkeep]\n|-damage|p1a: Gumiho|94/100|[from] Sandstorm\n|-damage|p2a: Tyranitar|94/100 brn|[from] brn\n|upkeep\n|turn|3\n|\n|t:|1788271242\n|switch|p1a: Baller|Cinderace, F|100/100\n|move|p2a: Tyranitar|Ice Beam|p1a: Baller\n|-resisted|p1a: Baller\n|-damage|p1a: Baller|88/100\n|\n|-weather|Sandstorm|[upkeep]\n|-damage|p1a: Baller|82/100|[from] Sandstorm\n|-damage|p2a: Tyranitar|88/100 brn|[from] brn\n|upkeep\n|turn|4\n|\n|t:|1788271247\n|switch|p2a: Alomomola|Alomomola, M|100/100\n|move|p1a: Baller|U-turn|p2a: Alomomola\n|-start|p1a: Baller|typechange|Bug|[from] ability: Libero\n|-damage|p2a: Alomomola|86/100\n|-damage|p1a: Baller|66/100|[from] item: Rocky Helmet|[of] p2a: Alomomola\n|\n|t:|1788271256\n|switch|p1a: AbsoluteTusk|Great Tusk|100/100|[from] U-turn\n|\n|-weather|Sandstorm|[upkeep]\n|-damage|p2a: Alomomola|80/100|[from] Sandstorm\n|upkeep\n|turn|5\n|\n|t:|1788271259\n|move|p1a: AbsoluteTusk|Stealth Rock|p2a: Alomomola\n|-sidestart|p2: Thederpa1|move: Stealth Rock\n|move|p2a: Alomomola|Flip Turn|p1a: AbsoluteTusk\n|-supereffective|p1a: AbsoluteTusk\n|-damage|p1a: AbsoluteTusk|81/100\n|\n|t:|1788271267\n|switch|p2a: Iron Treads|Iron Treads|100/100|[from] Flip Turn\n|-damage|p2a: Iron Treads|97/100|[from] Stealth Rock\n|-enditem|p2a: Iron Treads|Booster Energy\n|-activate|p2a: Iron Treads|ability: Quark Drive|[fromitem]\n|-start|p2a: Iron Treads|quarkdrivespe\n|\n|-weather|Sandstorm|[upkeep]\n|upkeep\n|turn|6\n|\n|t:|1788271285\n|-terastallize|p2a: Iron Treads|Ghost\n|move|p2a: Iron Treads|Rapid Spin|p1a: AbsoluteTusk\n|-damage|p1a: AbsoluteTusk|71/100\n|-boost|p2a: Iron Treads|spe|1\n|-sideend|p2: Thederpa1|Stealth Rock|[from] move: Rapid Spin|[of] p2a: Iron Treads\n|move|p1a: AbsoluteTusk|Headlong Rush|p2a: Iron Treads\n|-damage|p2a: Iron Treads|47/100\n|-unboost|p1a: AbsoluteTusk|def|1\n|-unboost|p1a: AbsoluteTusk|spd|1\n|\n|-weather|none\n|upkeep\n|turn|7\n|\n|t:|1788271292\n|move|p2a: Iron Treads|Stealth Rock|p1a: AbsoluteTusk\n|-sidestart|p1: JangarRifin|move: Stealth Rock\n|move|p1a: AbsoluteTusk|Headlong Rush|p2a: Iron Treads\n|-damage|p2a: Iron Treads|0 fnt\n|-unboost|p1a: AbsoluteTusk|def|1\n|-unboost|p1a: AbsoluteTusk|spd|1\n|faint|p2a: Iron Treads\n|-end|p2a: Iron Treads|Quark Drive|[silent]\n|\n|upkeep\n|\n|t:|1788271297\n|switch|p2a: Gardevoir|Gardevoir, F|100/100\n|turn|8\n|\n|t:|1788271302\n|-end|p1a: AbsoluteTusk|Protosynthesis|[silent]\n|switch|p1a: Gumiho|Ninetales, M|94/100\n|-ability|p2a: Gardevoir|Drought|Trace|[from] ability: Trace|[of] p1a: Gumiho\n|-weather|SunnyDay|[from] ability: Drought|[of] p2a: Gardevoir\n|-damage|p1a: Gumiho|70/100|[from] Stealth Rock\n|move|p2a: Gardevoir|Psychic Noise|p1a: Gumiho\n|-damage|p1a: Gumiho|31/100\n|-start|p1a: Gumiho|move: Heal Block\n|\n|-weather|SunnyDay|[upkeep]\n|upkeep\n|turn|9\n|\n|t:|1788271313\n|switch|p2a: Tyranitar|Tyranitar, F|88/100 brn\n|-weather|Sandstorm|[from] ability: Sand Stream|[of] p2a: Tyranitar\n|switch|p1a: Baller|Cinderace, F|66/100\n|\n|-weather|Sandstorm|[upkeep]\n|-damage|p1a: Baller|60/100|[from] Sandstorm\n|-damage|p2a: Tyranitar|82/100 brn|[from] brn\n|upkeep\n|turn|10\n|\n|t:|1788271323\n|move|p1a: Baller|Court Change|p1a: Baller\n|-start|p1a: Baller|typechange|Normal|[from] ability: Libero\n|-swapsideconditions\n|-activate|p1a: Baller|move: Court Change\n|move|p2a: Tyranitar|Knock Off|p1a: Baller\n|-damage|p1a: Baller|24/100\n|-enditem|p1a: Baller|Heavy-Duty Boots|[from] move: Knock Off|[of] p2a: Tyranitar\n|\n|-weather|Sandstorm|[upkeep]\n|-damage|p1a: Baller|18/100|[from] Sandstorm\n|-damage|p2a: Tyranitar|76/100 brn|[from] brn\n|upkeep\n|turn|11\n|\n|t:|1788271329\n|switch|p2a: Alomomola|Alomomola, M|100/100\n|-damage|p2a: Alomomola|88/100|[from] Stealth Rock\n|move|p1a: Baller|U-turn|p2a: Alomomola\n|-damage|p2a: Alomomola|78/100\n|-damage|p1a: Baller|1/100|[from] item: Rocky Helmet|[of] p2a: Alomomola\n|\n|t:|1788271333\n|switch|p1a: RagingThroat|Raging Bolt|100/100|[from] U-turn\n|\n|-weather|Sandstorm|[upkeep]\n|-damage|p1a: RagingThroat|94/100|[from] Sandstorm\n|-damage|p2a: Alomomola|71/100|[from] Sandstorm\n|-heal|p1a: RagingThroat|100/100|[from] item: Leftovers\n|upkeep\n|turn|12\n|\n|t:|1788271341\n|move|p1a: RagingThroat|Thunderbolt|p2a: Alomomola\n|-supereffective|p2a: Alomomola\n|-damage|p2a: Alomomola|0 fnt\n|faint|p2a: Alomomola\n|\n|-weather|Sandstorm|[upkeep]\n|-damage|p1a: RagingThroat|94/100|[from] Sandstorm\n|-heal|p1a: RagingThroat|100/100|[from] item: Leftovers\n|upkeep\n|\n|t:|1788271345\n|switch|p2a: Kyurem|Kyurem|100/100\n|-ability|p2a: Kyurem|Pressure\n|turn|13\n|\n|t:|1788271352\n|-end|p1a: RagingThroat|Protosynthesis|[silent]\n|switch|p1a: AbsoluteTusk|Great Tusk|71/100\n|move|p2a: Kyurem|Icicle Spear|p1a: AbsoluteTusk\n|-supereffective|p1a: AbsoluteTusk\n|-damage|p1a: AbsoluteTusk|55/100\n|-supereffective|p1a: AbsoluteTusk\n|-damage|p1a: AbsoluteTusk|38/100\n|-supereffective|p1a: AbsoluteTusk\n|-damage|p1a: AbsoluteTusk|18/100\n|-supereffective|p1a: AbsoluteTusk\n|-damage|p1a: AbsoluteTusk|0 fnt\n|faint|p1a: AbsoluteTusk\n|-end|p1a: AbsoluteTusk|Protosynthesis|[silent]\n|-hitcount|p1: AbsoluteTusk|4\n|\n|-weather|none\n|upkeep\n|\n|t:|1788271366\n|switch|p1a: Gumiho|Ninetales, M|31/100\n|-weather|SunnyDay|[from] ability: Drought|[of] p1a: Gumiho\n|turn|14\n|\n|t:|1788271372\n|switch|p1a: Baller|Cinderace, F|1/100\n|switch|p2a: Tyranitar|Tyranitar, F|76/100 brn\n|-damage|p2a: Tyranitar|63/100 brn|[from] Stealth Rock\n|-weather|Sandstorm|[from] ability: Sand Stream|[of] p2a: Tyranitar\n|\n|-weather|Sandstorm|[upkeep]\n|-damage|p1a: Baller|0 fnt|[from] Sandstorm\n|faint|p1a: Baller\n|-damage|p2a: Tyranitar|57/100 brn|[from] brn\n|upkeep\n|\n|t:|1788271379\n|switch|p1a: Gumiho|Ninetales, M|31/100\n|-weather|SunnyDay|[from] ability: Drought|[of] p1a: Gumiho\n|turn|15\n|\n|t:|1788271384\n|switch|p1a: Venusaur|Venusaur, F|100/100\n|switch|p2a: Dragapult|Dragapult, M|100/100\n|-damage|p2a: Dragapult|88/100|[from] Stealth Rock\n|\n|-weather|SunnyDay|[upkeep]\n|upkeep\n|turn|16\n|\n|t:|1788271394\n|move|p1a: Venusaur|Earthquake|p2a: Dragapult\n|-damage|p2a: Dragapult|55/100\n|move|p2a: Dragapult|Dragon Darts|p1a: Venusaur\n|-damage|p1a: Venusaur|58/100\n|-anim|p2a: Dragapult|Dragon Darts|p1a: Venusaur\n|-damage|p1a: Venusaur|14/100\n|\n|-weather|SunnyDay|[upkeep]\n|-heal|p1a: Venusaur|20/100|[from] item: Leftovers\n|upkeep\n|turn|17\n|\n|t:|1788271405\n|move|p1a: Venusaur|Earthquake|p2a: Dragapult\n|-damage|p2a: Dragapult|22/100\n|move|p2a: Dragapult|Dragon Darts|p1a: Venusaur\n|-damage|p1a: Venusaur|0 fnt\n|faint|p1a: Venusaur\n|\n|-weather|SunnyDay|[upkeep]\n|upkeep\n|\n|t:|1788271409\n|switch|p1a: RagingThroat|Raging Bolt|100/100\n|-activate|p1a: RagingThroat|ability: Protosynthesis\n|-start|p1a: RagingThroat|protosynthesisspa\n|turn|18\n|\n|t:|1788271413\n|switch|p2a: Tyranitar|Tyranitar, F|57/100 brn\n|-damage|p2a: Tyranitar|45/100 brn|[from] Stealth Rock\n|-weather|Sandstorm|[from] ability: Sand Stream|[of] p2a: Tyranitar\n|-end|p1a: RagingThroat|Protosynthesis\n|-terastallize|p1a: RagingThroat|Bug\n|move|p1a: RagingThroat|Calm Mind|p1a: RagingThroat\n|-boost|p1a: RagingThroat|spa|1\n|-boost|p1a: RagingThroat|spd|1\n|\n|-weather|Sandstorm|[upkeep]\n|-damage|p1a: RagingThroat|94/100|[from] Sandstorm\n|-heal|p1a: RagingThroat|100/100|[from] item: Leftovers\n|-damage|p2a: Tyranitar|39/100 brn|[from] brn\n|upkeep\n|turn|19\n|\n|t:|1788271425\n|-end|p1a: RagingThroat|Protosynthesis|[silent]\n|switch|p1a: Gumiho|Ninetales, M|31/100\n|-weather|SunnyDay|[from] ability: Drought|[of] p1a: Gumiho\n|move|p2a: Tyranitar|Stone Edge|p1a: Gumiho\n|-supereffective|p1a: Gumiho\n|-damage|p1a: Gumiho|0 fnt\n|faint|p1a: Gumiho\n|\n|-weather|SunnyDay|[upkeep]\n|-damage|p2a: Tyranitar|32/100 brn|[from] brn\n|upkeep\n|\n|t:|1788271428\n|switch|p1a: RagingThroat|Raging Bolt, tera:Bug|100/100\n|-activate|p1a: RagingThroat|ability: Protosynthesis\n|-start|p1a: RagingThroat|protosynthesisspa\n|turn|20\n|\n|t:|1788271435\n|move|p1a: RagingThroat|Thunderbolt|p2a: Tyranitar\n|-damage|p2a: Tyranitar|4/100 brn\n|move|p2a: Tyranitar|Stone Edge|p1a: RagingThroat\n|-supereffective|p1a: RagingThroat\n|-damage|p1a: RagingThroat|63/100\n|\n|-weather|SunnyDay|[upkeep]\n|-heal|p1a: RagingThroat|69/100|[from] item: Leftovers\n|-damage|p2a: Tyranitar|0 fnt|[from] brn\n|faint|p2a: Tyranitar\n|upkeep\n|\n|t:|1788271450\n|switch|p2a: Dragapult|Dragapult, M|22/100\n|-damage|p2a: Dragapult|9/100|[from] Stealth Rock\n|turn|21\n|\n|t:|1788271454\n|move|p2a: Dragapult|Sucker Punch|p1a: RagingThroat\n|-damage|p1a: RagingThroat|48/100\n|move|p1a: RagingThroat|Thunderclap||[still]\n|-fail|p1a: RagingThroat\n|\n|-weather|SunnyDay|[upkeep]\n|-heal|p1a: RagingThroat|54/100|[from] item: Leftovers\n|upkeep\n|turn|22\n|\n|t:|1788271459\n|switch|p2a: Kyurem|Kyurem|100/100\n|-ability|p2a: Kyurem|Pressure\n|move|p1a: RagingThroat|Calm Mind|p1a: RagingThroat\n|-boost|p1a: RagingThroat|spa|1\n|-boost|p1a: RagingThroat|spd|1\n|\n|-weather|SunnyDay|[upkeep]\n|-heal|p1a: RagingThroat|61/100|[from] item: Leftovers\n|upkeep\n|turn|23\n|\n|t:|1788271465\n|move|p2a: Kyurem|Icicle Spear|p1a: RagingThroat\n|-damage|p1a: RagingThroat|52/100\n|-damage|p1a: RagingThroat|42/100\n|-damage|p1a: RagingThroat|34/100\n|-damage|p1a: RagingThroat|24/100\n|-damage|p1a: RagingThroat|15/100\n|-hitcount|p1a: RagingThroat|5\n|move|p1a: RagingThroat|Dragon Pulse|p2a: Kyurem\n|-supereffective|p2a: Kyurem\n|-damage|p2a: Kyurem|0 fnt\n|faint|p2a: Kyurem\n|\n|-weather|SunnyDay|[upkeep]\n|-heal|p1a: RagingThroat|21/100|[from] item: Leftovers\n|upkeep\n|\n|t:|1788271472\n|switch|p2a: Gardevoir|Gardevoir, F|100/100\n|-damage|p2a: Gardevoir|88/100|[from] Stealth Rock\n|turn|24\n|\n|t:|1788271479\n|move|p1a: RagingThroat|Thunderclap|p2a: Gardevoir\n|-damage|p2a: Gardevoir|25/100\n|move|p2a: Gardevoir|Mystical Fire|p1a: RagingThroat\n|-supereffective|p1a: RagingThroat\n|-damage|p1a: RagingThroat|0 fnt\n|faint|p1a: RagingThroat\n|-end|p1a: RagingThroat|Protosynthesis|[silent]\n|\n|win|Thederpa1\n|raw|JangarRifin's rating: 1380 &rarr; <strong>1357</strong><br />(-23 for losing)\n|raw|Thederpa1's rating: 1329 &rarr; <strong>1352</strong><br />(+23 for winning)\n|l|\u2606JangarRifin\n|player|p1|\n|l|\u2606Thederpa1\n|player|p2|\n", "uploadtime": 1788271619, "views": "0", "formatid": "gen9ou", "rating": 1352, "private": 0, "password": null}