{"id": "gen9ou-2673907008", "format": "[Gen 9] OU", "players": ["RagingSquirtleXD", "go b3yond"], "log": "|j|\u2606RagingSquirtleXD\n|j|\u2606go b3yond\n|t:|1788275653\n|gametype|singles\n|player|p1|RagingSquirtleXD|pokemonbreederf-gen4|1553\n|player|p2|go b3yond|waiter-gen4|1602\n|gen|9\n|tier|[Gen 9] OU\n|rated|\n|rule|HP Percentage Mod: HP is shown in percentages\n|rule|Endless Battle Clause: Forcing endless battles is banned\n|rule|Species Clause: Limit one of each Pok\u00e9mon\n|rule|OHKO Clause: OHKO moves are banned\n|rule|Evasion Items Clause: Evasion items are banned\n|rule|Evasion Moves Clause: Evasion moves are banned\n|rule|Evasion Abilities Clause: Evasion abilities are banned\n|rule|Sleep Moves Clause: Sleep-inducing moves are banned\n|clearpoke\n|poke|p1|Ogerpon, F|\n|poke|p1|Ting-Lu|\n|poke|p1|Gliscor, F|\n|poke|p1|Gholdengo|\n|poke|p1|Dragonite, M|\n|poke|p1|Moltres|\n|poke|p2|Vikavolt, M|\n|poke|p2|Iron Valiant|\n|poke|p2|Heatran, F|\n|poke|p2|Meowscarada, F|\n|poke|p2|Great Tusk|\n|poke|p2|Kingambit, F|\n|teampreview\n|inactive|Battle timer is ON: inactive players will automatically lose when time's up. (requested by go b3yond)\n|\n|t:|1788275659\n|teamsize|p1|6\n|teamsize|p2|6\n|start\n|switch|p1a: Gliscor|Gliscor, F|100/100\n|switch|p2a: Kiruma|Vikavolt, M, shiny|100/100\n|turn|1\n|\n|t:|1788275667\n|move|p1a: Gliscor|Swords Dance|p1a: Gliscor\n|-boost|p1a: Gliscor|atk|2\n|move|p2a: Kiruma|Energy Ball|p1a: Gliscor\n|-damage|p1a: Gliscor|54/100\n|\n|-status|p1a: Gliscor|tox|[from] item: Toxic Orb\n|upkeep\n|turn|2\n|\n|t:|1788275670\n|move|p1a: Gliscor|Protect|p1a: Gliscor\n|-singleturn|p1a: Gliscor|Protect\n|move|p2a: Kiruma|Energy Ball|p1a: Gliscor\n|-activate|p1a: Gliscor|move: Protect\n|\n|-heal|p1a: Gliscor|66/100 tox|[from] ability: Poison Heal\n|upkeep\n|turn|3\n|\n|t:|1788275675\n|move|p1a: Gliscor|Facade|p2a: Kiruma\n|-damage|p2a: Kiruma|42/100\n|move|p2a: Kiruma|Energy Ball|p1a: Gliscor\n|-damage|p1a: Gliscor|18/100 tox\n|\n|-heal|p1a: Gliscor|31/100 tox|[from] ability: Poison Heal\n|upkeep\n|turn|4\n|\n|t:|1788275680\n|switch|p2a: Funny Valentine|Meowscarada, F, shiny|100/100\n|move|p1a: Gliscor|Protect||[still]\n|-fail|p1a: Gliscor\n|\n|-heal|p1a: Gliscor|43/100 tox|[from] ability: Poison Heal\n|upkeep\n|turn|5\n|\n|t:|1788275682\n|move|p1a: Gliscor|Protect|p1a: Gliscor\n|-singleturn|p1a: Gliscor|Protect\n|move|p2a: Funny Valentine|Triple Axel|p1a: Gliscor\n|-start|p2a: Funny Valentine|typechange|Ice|[from] ability: Protean\n|-activate|p1a: Gliscor|move: Protect\n|\n|-heal|p1a: Gliscor|56/100 tox|[from] ability: Poison Heal\n|upkeep\n|turn|6\n|\n|t:|1788275685\n|switch|p1a: Moltres|Moltres|100/100\n|move|p2a: Funny Valentine|U-turn|p1a: Moltres\n|-resisted|p1a: Moltres\n|-damage|p1a: Moltres|96/100\n|\n|t:|1788275689\n|switch|p2a: Duke Long|Great Tusk, shiny|100/100|[from] U-turn\n|\n|upkeep\n|turn|7\n|\n|t:|1788275696\n|switch|p1a: Ogerpon|Ogerpon, F|100/100\n|move|p2a: Duke Long|Stone Edge|p1a: Ogerpon\n|-damage|p1a: Ogerpon|59/100\n|\n|upkeep\n|turn|8\n|\n|t:|1788275704\n|-end|p2a: Duke Long|Protosynthesis|[silent]\n|switch|p2a: Kiruma|Vikavolt, M, shiny|42/100\n|move|p1a: Ogerpon|Knock Off|p2a: Kiruma\n|-damage|p2a: Kiruma|9/100\n|-enditem|p2a: Kiruma|Choice Specs|[from] move: Knock Off|[of] p1a: Ogerpon\n|\n|upkeep\n|turn|9\n|\n|t:|1788275708\n|move|p1a: Ogerpon|Knock Off|p2a: Kiruma\n|-damage|p2a: Kiruma|0 fnt\n|faint|p2a: Kiruma\n|\n|upkeep\n|\n|t:|1788275710\n|switch|p2a: Funny Valentine|Meowscarada, F, shiny|100/100\n|turn|10\n|\n|t:|1788275713\n|switch|p1a: Moltres|Moltres|96/100\n|move|p2a: Funny Valentine|U-turn|p1a: Moltres\n|-start|p2a: Funny Valentine|typechange|Bug|[from] ability: Protean\n|-resisted|p1a: Moltres\n|-damage|p1a: Moltres|87/100\n|-status|p2a: Funny Valentine|brn|[from] ability: Flame Body|[of] p1a: Moltres\n|\n|t:|1788275716\n|switch|p2a: Duke Long|Great Tusk, shiny|100/100|[from] U-turn\n|\n|upkeep\n|turn|11\n|\n|t:|1788275725\n|switch|p1a: Ting-Lu|Ting-Lu|100/100\n|-ability|p1a: Ting-Lu|Vessel of Ruin\n|move|p2a: Duke Long|Stone Edge|p1a: Ting-Lu\n|-resisted|p1a: Ting-Lu\n|-damage|p1a: Ting-Lu|90/100\n|\n|-heal|p1a: Ting-Lu|96/100|[from] item: Leftovers\n|upkeep\n|turn|12\n|\n|t:|1788275731\n|move|p2a: Duke Long|Rapid Spin|p1a: Ting-Lu\n|-crit|p1a: Ting-Lu\n|-damage|p1a: Ting-Lu|82/100\n|-boost|p2a: Duke Long|spe|1\n|move|p1a: Ting-Lu|Spikes|p2a: Duke Long\n|-sidestart|p2: go b3yond|Spikes\n|\n|-heal|p1a: Ting-Lu|89/100|[from] item: Leftovers\n|upkeep\n|turn|13\n|\n|t:|1788275736\n|switch|p1a: Gliscor|Gliscor, F|56/100 tox\n|move|p2a: Duke Long|Close Combat|p1a: Gliscor\n|-resisted|p1a: Gliscor\n|-damage|p1a: Gliscor|30/100 tox\n|-unboost|p2a: Duke Long|def|1\n|-unboost|p2a: Duke Long|spd|1\n|\n|-heal|p1a: Gliscor|43/100 tox|[from] ability: Poison Heal\n|upkeep\n|turn|14\n|\n|t:|1788275742\n|-end|p2a: Duke Long|Protosynthesis|[silent]\n|switch|p2a: Funny Valentine|Meowscarada, F, shiny|100/100 brn\n|move|p1a: Gliscor|Protect||[still]\n|-fail|p1a: Gliscor\n|\n|-heal|p1a: Gliscor|55/100 tox|[from] ability: Poison Heal\n|-damage|p2a: Funny Valentine|94/100 brn|[from] brn\n|upkeep\n|turn|15\n|\n|t:|1788275746\n|move|p1a: Gliscor|Protect|p1a: Gliscor\n|-singleturn|p1a: Gliscor|Protect\n|move|p2a: Funny Valentine|Triple Axel|p1a: Gliscor\n|-start|p2a: Funny Valentine|typechange|Ice|[from] ability: Protean\n|-activate|p1a: Gliscor|move: Protect\n|\n|-heal|p1a: Gliscor|68/100 tox|[from] ability: Poison Heal\n|-damage|p2a: Funny Valentine|88/100 brn|[from] brn\n|upkeep\n|turn|16\n|\n|t:|1788275751\n|switch|p1a: Moltres|Moltres|87/100\n|move|p2a: Funny Valentine|Triple Axel|p1a: Moltres\n|-damage|p1a: Moltres|82/100\n|-damage|p1a: Moltres|73/100\n|-damage|p1a: Moltres|59/100\n|-hitcount|p1a: Moltres|3\n|\n|-damage|p2a: Funny Valentine|82/100 brn|[from] brn\n|upkeep\n|turn|17\n|\n|t:|1788275754\n|move|p2a: Funny Valentine|U-turn|p1a: Moltres\n|-resisted|p1a: Moltres\n|-damage|p1a: Moltres|56/100\n|\n|t:|1788275756\n|switch|p2a: Inspector Tsukumo|Heatran, F, shiny|100/100|[from] U-turn\n|-damage|p2a: Inspector Tsukumo|88/100|[from] Spikes\n|move|p1a: Moltres|Roost|p1a: Moltres\n|-heal|p1a: Moltres|100/100\n|-singleturn|p1a: Moltres|move: Roost\n|\n|-heal|p2a: Inspector Tsukumo|94/100|[from] item: Leftovers\n|upkeep\n|turn|18\n|\n|t:|1788275761\n|move|p2a: Inspector Tsukumo|Magma Storm|p1a: Moltres|[miss]\n|-miss|p2a: Inspector Tsukumo|p1a: Moltres\n|move|p1a: Moltres|Roar|p2a: Inspector Tsukumo\n|drag|p2a: Rum|Iron Valiant, shiny|100/100\n|-damage|p2a: Rum|88/100|[from] Spikes\n|-enditem|p2a: Rum|Booster Energy\n|-activate|p2a: Rum|ability: Quark Drive|[fromitem]\n|-start|p2a: Rum|quarkdrivespe\n|\n|upkeep\n|turn|19\n|\n|t:|1788275766\n|move|p2a: Rum|Knock Off|p1a: Moltres\n|-damage|p1a: Moltres|73/100\n|-status|p2a: Rum|brn|[from] ability: Flame Body|[of] p1a: Moltres\n|-enditem|p1a: Moltres|Heavy-Duty Boots|[from] move: Knock Off|[of] p2a: Rum\n|move|p1a: Moltres|Flamethrower|p2a: Rum\n|-damage|p2a: Rum|12/100 brn\n|\n|-damage|p2a: Rum|6/100 brn|[from] brn\n|upkeep\n|turn|20\n|\n|t:|1788275769\n|move|p2a: Rum|Moonblast|p1a: Moltres\n|-resisted|p1a: Moltres\n|-damage|p1a: Moltres|57/100\n|move|p1a: Moltres|Roar|p2a: Rum\n|-end|p2a: Rum|Quark Drive|[silent]\n|drag|p2a: L|Kingambit, F, shiny|100/100\n|-activate|p2a: L|ability: Supreme Overlord\n|-start|p2a: L|fallen1|[silent]\n|-item|p2a: L|Air Balloon\n|\n|upkeep\n|turn|21\n|\n|t:|1788275779\n|-end|p2a: L|fallen1|[silent]\n|switch|p2a: Rum|Iron Valiant, shiny|6/100 brn\n|-damage|p2a: Rum|0 fnt|[from] Spikes\n|faint|p2a: Rum\n|-end|p2a: Rum|Quark Drive|[silent]\n|move|p1a: Moltres|Flamethrower|p2: Rum|[notarget]\n|-fail|p1a: Moltres\n|\n|upkeep\n|\n|t:|1788275787\n|switch|p2a: Inspector Tsukumo|Heatran, F, shiny|94/100\n|-damage|p2a: Inspector Tsukumo|82/100|[from] Spikes\n|turn|22\n|\n|t:|1788275792\n|move|p2a: Inspector Tsukumo|Taunt|p1a: Moltres\n|-start|p1a: Moltres|move: Taunt\n|cant|p1a: Moltres|move: Taunt|Roost\n|\n|-heal|p2a: Inspector Tsukumo|88/100|[from] item: Leftovers\n|upkeep\n|turn|23\n|\n|t:|1788275794\n|switch|p1a: Ting-Lu|Ting-Lu|89/100\n|-ability|p1a: Ting-Lu|Vessel of Ruin\n|move|p2a: Inspector Tsukumo|Stealth Rock|p1a: Ting-Lu\n|-sidestart|p1: RagingSquirtleXD|move: Stealth Rock\n|\n|-heal|p2a: Inspector Tsukumo|94/100|[from] item: Leftovers\n|-heal|p1a: Ting-Lu|95/100|[from] item: Leftovers\n|upkeep\n|turn|24\n|\n|t:|1788275797\n|switch|p2a: Duke Long|Great Tusk, shiny|100/100\n|-damage|p2a: Duke Long|88/100|[from] Spikes\n|move|p1a: Ting-Lu|Stealth Rock|p2a: Duke Long\n|-sidestart|p2: go b3yond|move: Stealth Rock\n|\n|-heal|p1a: Ting-Lu|100/100|[from] item: Leftovers\n|upkeep\n|turn|25\n|\n|t:|1788275802\n|switch|p1a: Gholdengo|Gholdengo|100/100\n|-damage|p1a: Gholdengo|94/100|[from] Stealth Rock\n|move|p2a: Duke Long|Headlong Rush|p1a: Gholdengo\n|-supereffective|p1a: Gholdengo\n|-damage|p1a: Gholdengo|0 fnt\n|-unboost|p2a: Duke Long|def|1\n|-unboost|p2a: Duke Long|spd|1\n|faint|p1a: Gholdengo\n|\n|upkeep\n|\n|t:|1788275806\n|switch|p1a: Ogerpon|Ogerpon, F|59/100\n|turn|26\n|\n|t:|1788275810\n|-end|p2a: Duke Long|Protosynthesis|[silent]\n|switch|p2a: Funny Valentine|Meowscarada, F, shiny|82/100 brn\n|move|p1a: Ogerpon|Knock Off|p2a: Funny Valentine\n|-resisted|p2a: Funny Valentine\n|-damage|p2a: Funny Valentine|58/100 brn\n|-enditem|p2a: Funny Valentine|Heavy-Duty Boots|[from] move: Knock Off|[of] p1a: Ogerpon\n|\n|-damage|p2a: Funny Valentine|52/100 brn|[from] brn\n|upkeep\n|turn|27\n|\n|t:|1788275820\n|switch|p1a: Ting-Lu|Ting-Lu|100/100\n|-damage|p1a: Ting-Lu|94/100|[from] Stealth Rock\n|-ability|p1a: Ting-Lu|Vessel of Ruin\n|move|p2a: Funny Valentine|Triple Axel|p1a: Ting-Lu\n|-start|p2a: Funny Valentine|typechange|Ice|[from] ability: Protean\n|-supereffective|p1a: Ting-Lu\n|-damage|p1a: Ting-Lu|89/100\n|-hitcount|p1a: Ting-Lu|1\n|\n|-heal|p1a: Ting-Lu|95/100|[from] item: Leftovers\n|-damage|p2a: Funny Valentine|46/100 brn|[from] brn\n|upkeep\n|turn|28\n|\n|t:|1788275831\n|move|p2a: Funny Valentine|U-turn|p1a: Ting-Lu\n|-supereffective|p1a: Ting-Lu\n|-damage|p1a: Ting-Lu|83/100\n|j| Dennis1338\n|\n|t:|1788275834\n|switch|p2a: Duke Long|Great Tusk, shiny|88/100|[from] U-turn\n|-damage|p2a: Duke Long|76/100|[from] Spikes\n|-damage|p2a: Duke Long|73/100|[from] Stealth Rock\n|move|p1a: Ting-Lu|Ruination|p2a: Duke Long\n|-damage|p2a: Duke Long|37/100\n|\n|-heal|p1a: Ting-Lu|89/100|[from] item: Leftovers\n|upkeep\n|turn|29\n|\n|t:|1788275839\n|switch|p1a: Gliscor|Gliscor, F|68/100 tox\n|-damage|p1a: Gliscor|55/100 tox|[from] Stealth Rock\n|move|p2a: Duke Long|Rapid Spin|p1a: Gliscor\n|-damage|p1a: Gliscor|42/100 tox\n|-boost|p2a: Duke Long|spe|1\n|-sideend|p2: go b3yond|Spikes|[from] move: Rapid Spin|[of] p2a: Duke Long\n|-sideend|p2: go b3yond|Stealth Rock|[from] move: Rapid Spin|[of] p2a: Duke Long\n|\n|-heal|p1a: Gliscor|54/100 tox|[from] ability: Poison Heal\n|upkeep\n|turn|30\n|\n|t:|1788275850\n|-end|p2a: Duke Long|Protosynthesis|[silent]\n|switch|p2a: Funny Valentine|Meowscarada, F, shiny|46/100 brn\n|move|p1a: Gliscor|Swords Dance|p1a: Gliscor\n|-boost|p1a: Gliscor|atk|2\n|\n|-heal|p1a: Gliscor|67/100 tox|[from] ability: Poison Heal\n|-damage|p2a: Funny Valentine|40/100 brn|[from] brn\n|upkeep\n|turn|31\n|\n|t:|1788275852\n|move|p1a: Gliscor|Protect|p1a: Gliscor\n|-singleturn|p1a: Gliscor|Protect\n|move|p2a: Funny Valentine|Triple Axel|p1a: Gliscor\n|-start|p2a: Funny Valentine|typechange|Ice|[from] ability: Protean\n|-activate|p1a: Gliscor|move: Protect\n|\n|-heal|p1a: Gliscor|79/100 tox|[from] ability: Poison Heal\n|-damage|p2a: Funny Valentine|34/100 brn|[from] brn\n|upkeep\n|turn|32\n|\n|t:|1788275859\n|-terastallize|p1a: Gliscor|Water\n|move|p2a: Funny Valentine|Triple Axel|p1a: Gliscor\n|-resisted|p1a: Gliscor\n|-damage|p1a: Gliscor|77/100 tox\n|-resisted|p1a: Gliscor\n|-damage|p1a: Gliscor|74/100 tox\n|-resisted|p1a: Gliscor\n|-damage|p1a: Gliscor|68/100 tox\n|-hitcount|p1a: Gliscor|3\n|move|p1a: Gliscor|Swords Dance|p1a: Gliscor\n|-boost|p1a: Gliscor|atk|2\n|\n|-heal|p1a: Gliscor|81/100 tox|[from] ability: Poison Heal\n|-damage|p2a: Funny Valentine|27/100 brn|[from] brn\n|upkeep\n|turn|33\n|\n|t:|1788275867\n|move|p1a: Gliscor|Protect|p1a: Gliscor\n|-singleturn|p1a: Gliscor|Protect\n|move|p2a: Funny Valentine|Flower Trick|p1a: Gliscor\n|-activate|p1a: Gliscor|move: Protect\n|\n|-heal|p1a: Gliscor|93/100 tox|[from] ability: Poison Heal\n|-damage|p2a: Funny Valentine|21/100 brn|[from] brn\n|upkeep\n|turn|34\n|\n|t:|1788275869\n|move|p2a: Funny Valentine|Flower Trick|p1a: Gliscor\n|-supereffective|p1a: Gliscor\n|-crit|p1a: Gliscor\n|-damage|p1a: Gliscor|66/100 tox\n|move|p1a: Gliscor|Swords Dance|p1a: Gliscor\n|-boost|p1a: Gliscor|atk|2\n|\n|-heal|p1a: Gliscor|79/100 tox|[from] ability: Poison Heal\n|-damage|p2a: Funny Valentine|15/100 brn|[from] brn\n|upkeep\n|turn|35\n|\n|t:|1788275873\n|move|p1a: Gliscor|Protect|p1a: Gliscor\n|-singleturn|p1a: Gliscor|Protect\n|move|p2a: Funny Valentine|Flower Trick|p1a: Gliscor\n|-activate|p1a: Gliscor|move: Protect\n|\n|-heal|p1a: Gliscor|91/100 tox|[from] ability: Poison Heal\n|-damage|p2a: Funny Valentine|9/100 brn|[from] brn\n|upkeep\n|turn|36\n|\n|t:|1788275875\n|move|p2a: Funny Valentine|Flower Trick|p1a: Gliscor\n|-supereffective|p1a: Gliscor\n|-crit|p1a: Gliscor\n|-damage|p1a: Gliscor|65/100 tox\n|move|p1a: Gliscor|Facade|p2a: Funny Valentine\n|-damage|p2a: Funny Valentine|0 fnt\n|faint|p2a: Funny Valentine\n|\n|-heal|p1a: Gliscor|78/100 tox|[from] ability: Poison Heal\n|upkeep\n|\n|t:|1788275881\n|switch|p2a: Duke Long|Great Tusk, shiny|37/100\n|turn|37\n|\n|t:|1788275884\n|move|p1a: Gliscor|Protect|p1a: Gliscor\n|-singleturn|p1a: Gliscor|Protect\n|move|p2a: Duke Long|Close Combat|p1a: Gliscor\n|-activate|p1a: Gliscor|move: Protect\n|\n|-heal|p1a: Gliscor|90/100 tox|[from] ability: Poison Heal\n|upkeep\n|turn|38\n|\n|t:|1788275887\n|move|p2a: Duke Long|Close Combat|p1a: Gliscor\n|-damage|p1a: Gliscor|40/100 tox\n|-unboost|p2a: Duke Long|def|1\n|-unboost|p2a: Duke Long|spd|1\n|move|p1a: Gliscor|Facade|p2a: Duke Long\n|-damage|p2a: Duke Long|0 fnt\n|-damage|p1a: Gliscor|24/100 tox|[from] item: Rocky Helmet|[of] p2a: Duke Long\n|faint|p2a: Duke Long\n|-end|p2a: Duke Long|Protosynthesis|[silent]\n|\n|-heal|p1a: Gliscor|36/100 tox|[from] ability: Poison Heal\n|upkeep\n|\n|t:|1788275899\n|switch|p2a: L|Kingambit, F, shiny|100/100\n|-activate|p2a: L|ability: Supreme Overlord\n|-start|p2a: L|fallen4|[silent]\n|-item|p2a: L|Air Balloon\n|turn|39\n|\n|t:|1788275901\n|move|p1a: Gliscor|Facade|p2a: L\n|-resisted|p2a: L\n|-damage|p2a: L|49/100\n|-enditem|p2a: L|Air Balloon\n|move|p2a: L|Swords Dance|p2a: L\n|-boost|p2a: L|atk|2\n|\n|-heal|p1a: Gliscor|49/100 tox|[from] ability: Poison Heal\n|upkeep\n|turn|40\n|\n|t:|1788275910\n|switch|p1a: Moltres|Moltres|57/100\n|-damage|p1a: Moltres|7/100|[from] Stealth Rock\n|move|p2a: L|Kowtow Cleave|p1a: Moltres\n|-damage|p1a: Moltres|0 fnt\n|faint|p1a: Moltres\n|\n|upkeep\n|\n|t:|1788275915\n|switch|p1a: Dragonite|Dragonite, M|100/100\n|turn|41\n|\n|t:|1788275919\n|-terastallize|p2a: L|Ghost\n|move|p1a: Dragonite|Earthquake|p2a: L\n|-damage|p2a: L|22/100\n|move|p2a: L|Iron Head|p1a: Dragonite\n|-damage|p1a: Dragonite|53/100\n|\n|upkeep\n|turn|42\n|\n|t:|1788275924\n|move|p2a: L|Sucker Punch||[still]\n|-fail|p2a: L\n|move|p1a: Dragonite|Roost|p1a: Dragonite\n|-heal|p1a: Dragonite|100/100\n|-singleturn|p1a: Dragonite|move: Roost\n|\n|upkeep\n|turn|43\n|\n|t:|1788275928\n|move|p1a: Dragonite|Earthquake|p2a: L\n|-damage|p2a: L|0 fnt\n|faint|p2a: L\n|-end|p2a: L|fallen4|[silent]\n|\n|upkeep\n|-message|go b3yond forfeited.\n|\n|win|RagingSquirtleXD\n|raw|RagingSquirtleXD's rating: 1553 &rarr; <strong>1576</strong><br />(+23 for winning)\n|raw|go b3yond's rating: 1602 &rarr; <strong>1579</strong><br />(-23 for losing)\n|l|\u2606go b3yond\n|player|p2|\n|l|\u2606RagingSquirtleXD\n|player|p1|\n|l| Dennis1338\n", "uploadtime": 1788276098, "views": "1", "formatid": "gen9ou", "rating": 1576, "private": 0, "password": null}