{"id": "gen9ou-2674018623", "format": "[Gen 9] OU", "players": ["hillbilly z", "kangarooteam1"], "log": "|j|\u2606hillbilly z\n|j|\u2606kangarooteam1\n|t:|1788288835\n|gametype|singles\n|player|p1|hillbilly z|266|1525\n|player|p2|kangarooteam1|1|1671\n|gen|9\n|tier|[Gen 9] OU\n|rated|\n|rule|HP Percentage Mod: HP is shown in percentages\n|rule|Endless Battle Clause: Forcing endless battles is banned\n|rule|Species Clause: Limit one of each Pok\u00e9mon\n|rule|OHKO Clause: OHKO moves are banned\n|rule|Evasion Items Clause: Evasion items are banned\n|rule|Evasion Moves Clause: Evasion moves are banned\n|rule|Evasion Abilities Clause: Evasion abilities are banned\n|rule|Sleep Moves Clause: Sleep-inducing moves are banned\n|clearpoke\n|poke|p1|Torkoal, F|\n|poke|p1|Scovillain, M|\n|poke|p1|Walking Wake|\n|poke|p1|Hatterene, F|\n|poke|p1|Great Tusk|\n|poke|p1|Ceruledge, F|\n|poke|p2|Great Tusk|\n|poke|p2|Gholdengo|\n|poke|p2|Raging Bolt|\n|poke|p2|Iron Valiant|\n|poke|p2|Ogerpon-Wellspring, F|\n|poke|p2|Kingambit, F|\n|teampreview\n|inactive|Battle timer is ON: inactive players will automatically lose when time's up. (requested by kangarooteam1)\n|\n|t:|1788288844\n|teamsize|p1|6\n|teamsize|p2|6\n|start\n|switch|p1a: Torkoal|Torkoal, F|100/100\n|switch|p2a: Raging Bolt|Raging Bolt|100/100\n|-weather|SunnyDay|[from] ability: Drought|[of] p1a: Torkoal\n|-activate|p2a: Raging Bolt|ability: Protosynthesis\n|-start|p2a: Raging Bolt|protosynthesisspa\n|turn|1\n|\n|t:|1788288847\n|switch|p1a: Hatterene|Hatterene, F|100/100\n|move|p2a: Raging Bolt|Dragon Pulse|p1a: Hatterene\n|-immune|p1a: Hatterene\n|\n|-weather|SunnyDay|[upkeep]\n|upkeep\n|turn|2\n|\n|t:|1788288849\n|move|p2a: Raging Bolt|Calm Mind|p2a: Raging Bolt\n|-boost|p2a: Raging Bolt|spa|1\n|-boost|p2a: Raging Bolt|spd|1\n|move|p1a: Hatterene|Draining Kiss|p2a: Raging Bolt\n|-supereffective|p2a: Raging Bolt\n|-damage|p2a: Raging Bolt|75/100\n|\n|-weather|SunnyDay|[upkeep]\n|-heal|p2a: Raging Bolt|81/100|[from] item: Leftovers\n|upkeep\n|turn|3\n|\n|t:|1788288852\n|move|p2a: Raging Bolt|Dragon Pulse|p1a: Hatterene\n|-immune|p1a: Hatterene\n|move|p1a: Hatterene|Psyshock|p2a: Raging Bolt\n|-crit|p2a: Raging Bolt\n|-damage|p2a: Raging Bolt|39/100\n|\n|-weather|SunnyDay|[upkeep]\n|-heal|p2a: Raging Bolt|45/100|[from] item: Leftovers\n|upkeep\n|turn|4\n|\n|t:|1788288854\n|switch|p1a: Don|Great Tusk|100/100\n|-activate|p1a: Don|ability: Protosynthesis\n|-start|p1a: Don|protosynthesisatk\n|move|p2a: Raging Bolt|Dragon Pulse|p1a: Don\n|-damage|p1a: Don|0 fnt\n|faint|p1a: Don\n|-end|p1a: Don|Protosynthesis|[silent]\n|\n|-weather|SunnyDay|[upkeep]\n|-heal|p2a: Raging Bolt|51/100|[from] item: Leftovers\n|upkeep\n|\n|t:|1788288857\n|switch|p1a: Ceruledge|Ceruledge, F|100/100\n|turn|5\n|\n|t:|1788288859\n|move|p1a: Ceruledge|Swords Dance|p1a: Ceruledge\n|-boost|p1a: Ceruledge|atk|2\n|move|p2a: Raging Bolt|Thunderbolt|p1a: Ceruledge\n|-enditem|p1a: Ceruledge|Focus Sash\n|-damage|p1a: Ceruledge|1/100\n|\n|-weather|SunnyDay|[upkeep]\n|-heal|p2a: Raging Bolt|57/100|[from] item: Leftovers\n|upkeep\n|turn|6\n|\n|t:|1788288861\n|move|p1a: Ceruledge|Shadow Sneak|p2a: Raging Bolt\n|-damage|p2a: Raging Bolt|23/100\n|move|p2a: Raging Bolt|Thunderclap||[still]\n|-fail|p2a: Raging Bolt\n|\n|-weather|SunnyDay|[upkeep]\n|-heal|p2a: Raging Bolt|29/100|[from] item: Leftovers\n|upkeep\n|turn|7\n|\n|t:|1788288863\n|move|p1a: Ceruledge|Shadow Sneak|p2a: Raging Bolt\n|-damage|p2a: Raging Bolt|0 fnt\n|faint|p2a: Raging Bolt\n|-end|p2a: Raging Bolt|Protosynthesis|[silent]\n|\n|-weather|SunnyDay|[upkeep]\n|upkeep\n|\n|t:|1788288865\n|switch|p2a: Ogerpon|Ogerpon-Wellspring, F|100/100\n|turn|8\n|\n|t:|1788288867\n|move|p1a: Ceruledge|Shadow Sneak|p2a: Ogerpon\n|-damage|p2a: Ogerpon|43/100\n|move|p2a: Ogerpon|Horn Leech|p1a: Ceruledge\n|-resisted|p1a: Ceruledge\n|-damage|p1a: Ceruledge|0 fnt\n|-heal|p2a: Ogerpon|44/100|[from] drain|[of] p1a: Ceruledge\n|faint|p1a: Ceruledge\n|\n|-weather|none\n|upkeep\n|\n|t:|1788288869\n|switch|p1a: Torkoal|Torkoal, F|100/100\n|-weather|SunnyDay|[from] ability: Drought|[of] p1a: Torkoal\n|turn|9\n|\n|t:|1788288872\n|move|p2a: Ogerpon|Ivy Cudgel|p1a: Torkoal|[anim] Ivy Cudgel Water\n|-supereffective|p1a: Torkoal\n|-damage|p1a: Torkoal|55/100\n|move|p1a: Torkoal|Flamethrower|p2a: Ogerpon\n|-damage|p2a: Ogerpon|0 fnt\n|faint|p2a: Ogerpon\n|\n|-weather|SunnyDay|[upkeep]\n|upkeep\n|\n|t:|1788288874\n|switch|p2a: Kingambit|Kingambit, F|100/100\n|-activate|p2a: Kingambit|ability: Supreme Overlord\n|-start|p2a: Kingambit|fallen2|[silent]\n|turn|10\n|\n|t:|1788288877\n|-terastallize|p1a: Torkoal|Fairy\n|move|p2a: Kingambit|Swords Dance|p2a: Kingambit\n|-boost|p2a: Kingambit|atk|2\n|move|p1a: Torkoal|Flamethrower|p2a: Kingambit\n|-supereffective|p2a: Kingambit\n|-damage|p2a: Kingambit|0 fnt\n|faint|p2a: Kingambit\n|-end|p2a: Kingambit|fallen2|[silent]\n|\n|-weather|SunnyDay|[upkeep]\n|upkeep\n|\n|t:|1788288879\n|switch|p2a: Gholdengo|Gholdengo|100/100\n|-item|p2a: Gholdengo|Air Balloon\n|turn|11\n|\n|t:|1788288883\n|switch|p1a: Walking Wake|Walking Wake|100/100\n|-activate|p1a: Walking Wake|ability: Protosynthesis\n|-start|p1a: Walking Wake|protosynthesisspa\n|move|p2a: Gholdengo|Make It Rain|p1a: Walking Wake\n|-resisted|p1a: Walking Wake\n|-damage|p1a: Walking Wake|65/100\n|-unboost|p2a: Gholdengo|spa|1\n|\n|-weather|SunnyDay|[upkeep]\n|upkeep\n|turn|12\n|\n|t:|1788288885\n|switch|p2a: Great Tusk|Great Tusk|100/100\n|-activate|p2a: Great Tusk|ability: Protosynthesis\n|-start|p2a: Great Tusk|protosynthesisdef\n|move|p1a: Walking Wake|Hydro Steam|p2a: Great Tusk\n|-supereffective|p2a: Great Tusk\n|-crit|p2a: Great Tusk\n|-damage|p2a: Great Tusk|0 fnt\n|faint|p2a: Great Tusk\n|-end|p2a: Great Tusk|Protosynthesis|[silent]\n|\n|-weather|SunnyDay|[upkeep]\n|upkeep\n|\n|t:|1788288887\n|switch|p2a: Iron Valiant|Iron Valiant|100/100\n|-enditem|p2a: Iron Valiant|Booster Energy\n|-activate|p2a: Iron Valiant|ability: Quark Drive|[fromitem]\n|-start|p2a: Iron Valiant|quarkdrivespe\n|turn|13\n|\n|t:|1788288890\n|-end|p1a: Walking Wake|Protosynthesis|[silent]\n|switch|p1a: Hatterene|Hatterene, F|100/100\n|move|p2a: Iron Valiant|Moonblast|p1a: Hatterene\n|-crit|p1a: Hatterene\n|-damage|p1a: Hatterene|40/100\n|-enditem|p1a: Hatterene|Eject Button\n|\n|t:|1788288892\n|switch|p1a: Scovillain|Scovillain, M|100/100\n|\n|-weather|SunnyDay|[upkeep]\n|upkeep\n|turn|14\n|\n|t:|1788288893\n|move|p2a: Iron Valiant|Moonblast|p1a: Scovillain\n|-resisted|p1a: Scovillain\n|-damage|p1a: Scovillain|59/100\n|move|p1a: Scovillain|Flamethrower|p2a: Iron Valiant\n|-damage|p2a: Iron Valiant|0 fnt\n|faint|p2a: Iron Valiant\n|-end|p2a: Iron Valiant|Quark Drive|[silent]\n|-damage|p1a: Scovillain|49/100|[from] item: Life Orb\n|\n|-weather|SunnyDay|[upkeep]\n|upkeep\n|\n|t:|1788288895\n|switch|p2a: Gholdengo|Gholdengo|100/100\n|-item|p2a: Gholdengo|Air Balloon\n|turn|15\n|\n|t:|1788288896\n|-terastallize|p2a: Gholdengo|Fairy\n|move|p1a: Scovillain|Flamethrower|p2a: Gholdengo\n|-damage|p2a: Gholdengo|13/100\n|-enditem|p2a: Gholdengo|Air Balloon\n|-damage|p1a: Scovillain|39/100|[from] item: Life Orb\n|move|p2a: Gholdengo|Shadow Ball|p1a: Scovillain\n|-damage|p1a: Scovillain|0 fnt\n|faint|p1a: Scovillain\n|\n|-weather|SunnyDay|[upkeep]\n|upkeep\n|\n|t:|1788288899\n|switch|p1a: Walking Wake|Walking Wake|65/100\n|-activate|p1a: Walking Wake|ability: Protosynthesis\n|-start|p1a: Walking Wake|protosynthesisspa\n|turn|16\n|\n|t:|1788288901\n|move|p1a: Walking Wake|Hydro Steam|p2a: Gholdengo\n|-crit|p2a: Gholdengo\n|-damage|p2a: Gholdengo|0 fnt\n|faint|p2a: Gholdengo\n|\n|win|hillbilly z\n|raw|hillbilly z's rating: 1525 &rarr; <strong>1553</strong><br />(+28 for winning)\n|raw|kangarooteam1's rating: 1671 &rarr; <strong>1643</strong><br />(-28 for losing)\n|l|\u2606kangarooteam1\n|player|p2|\n", "uploadtime": 1788288902, "views": "0", "formatid": "gen9ou", "rating": 1553, "private": 0, "password": null}