{"id": "gen9ou-2674076342", "format": "[Gen 9] OU", "players": ["Litryes", "getreyal"], "log": "|j|\u2606Litryes\n|j|\u2606getreyal\n|t:|1788295870\n|gametype|singles\n|player|p1|Litryes|1|1433\n|player|p2|getreyal|pokemaniac-gen6|1390\n|gen|9\n|tier|[Gen 9] OU\n|rated|\n|rule|HP Percentage Mod: HP is shown in percentages\n|rule|Endless Battle Clause: Forcing endless battles is banned\n|rule|Species Clause: Limit one of each Pok\u00e9mon\n|rule|OHKO Clause: OHKO moves are banned\n|rule|Evasion Items Clause: Evasion items are banned\n|rule|Evasion Moves Clause: Evasion moves are banned\n|rule|Evasion Abilities Clause: Evasion abilities are banned\n|rule|Sleep Moves Clause: Sleep-inducing moves are banned\n|clearpoke\n|poke|p1|Iron Thorns|\n|poke|p1|Corviknight, M|\n|poke|p1|Dragapult, M|\n|poke|p1|Ting-Lu|\n|poke|p1|Zamazenta-*|\n|poke|p1|Primarina, F|\n|poke|p2|Zapdos|\n|poke|p2|Scizor, M|\n|poke|p2|Pelipper, M|\n|poke|p2|Garchomp, F|\n|poke|p2|Keldeo-Resolute|\n|poke|p2|Chesnaught, F|\n|teampreview\n|inactive|Battle timer is ON: inactive players will automatically lose when time's up. (requested by Litryes)\n|\n|t:|1788295884\n|teamsize|p1|6\n|teamsize|p2|6\n|start\n|switch|p1a: Oxygen|Dragapult, M, shiny|100/100\n|switch|p2a: Pelipper|Pelipper, M|100/100\n|-weather|RainDance|[from] ability: Drizzle|[of] p2a: Pelipper\n|turn|1\n|\n|t:|1788295891\n|move|p1a: Oxygen|Draco Meteor|p2a: Pelipper\n|-damage|p2a: Pelipper|0 fnt\n|-unboost|p1a: Oxygen|spa|2\n|faint|p2a: Pelipper\n|\n|-weather|RainDance|[upkeep]\n|upkeep\n|\n|t:|1788295897\n|switch|p2a: Keldeo|Keldeo-Resolute|100/100\n|turn|2\n|\n|t:|1788295901\n|move|p1a: Oxygen|Draco Meteor|p2a: Keldeo|[miss]\n|-miss|p1a: Oxygen|p2a: Keldeo\n|move|p2a: Keldeo|Hydro Pump|p1a: Oxygen\n|-resisted|p1a: Oxygen\n|-damage|p1a: Oxygen|15/100\n|\n|-weather|RainDance|[upkeep]\n|upkeep\n|turn|3\n|\n|t:|1788295905\n|switch|p1a: Cali Girl|Primarina, F, shiny|100/100\n|move|p2a: Keldeo|Hydro Pump|p1a: Cali Girl\n|-resisted|p1a: Cali Girl\n|-damage|p1a: Cali Girl|57/100\n|\n|-weather|RainDance|[upkeep]\n|-heal|p1a: Cali Girl|63/100|[from] item: Leftovers\n|upkeep\n|turn|4\n|\n|t:|1788295912\n|switch|p2a: Zapdos|Zapdos|100/100\n|move|p1a: Cali Girl|Flip Turn|p2a: Zapdos\n|-damage|p2a: Zapdos|74/100\n|\n|t:|1788295918\n|switch|p1a: wan poun fis|Ting-Lu|100/100|[from] Flip Turn\n|-ability|p1a: wan poun fis|Vessel of Ruin\n|\n|-weather|RainDance|[upkeep]\n|upkeep\n|turn|5\n|\n|t:|1788295920\n|move|p2a: Zapdos|Weather Ball|p1a: wan poun fis\n|-supereffective|p1a: wan poun fis\n|-damage|p1a: wan poun fis|36/100\n|move|p1a: wan poun fis|Stealth Rock|p2a: Zapdos\n|-sidestart|p2: getreyal|move: Stealth Rock\n|\n|-weather|RainDance|[upkeep]\n|-heal|p1a: wan poun fis|43/100|[from] item: Leftovers\n|upkeep\n|turn|6\n|\n|t:|1788295930\n|switch|p1a: Cali Girl|Primarina, F, shiny|63/100\n|move|p2a: Zapdos|Hurricane|p1a: Cali Girl\n|-damage|p1a: Cali Girl|27/100\n|\n|-weather|RainDance|[upkeep]\n|-heal|p1a: Cali Girl|33/100|[from] item: Leftovers\n|upkeep\n|turn|7\n|\n|t:|1788295937\n|move|p2a: Zapdos|Hurricane|p1a: Cali Girl\n|-damage|p1a: Cali Girl|0 fnt\n|faint|p1a: Cali Girl\n|\n|-weather|RainDance|[upkeep]\n|upkeep\n|\n|t:|1788295942\n|switch|p1a: Oxygen|Dragapult, M, shiny|15/100\n|turn|8\n|\n|t:|1788295949\n|switch|p2a: Scizor|Scizor, M|100/100\n|-damage|p2a: Scizor|88/100|[from] Stealth Rock\n|-terastallize|p1a: Oxygen|Ghost\n|move|p1a: Oxygen|Shadow Ball|p2a: Scizor\n|-damage|p2a: Scizor|3/100\n|-enditem|p2a: Scizor|Sitrus Berry|[eat]\n|-heal|p2a: Scizor|28/100|[from] item: Sitrus Berry\n|\n|-weather|none\n|upkeep\n|turn|9\n|\n|t:|1788295952\n|switch|p1a: Sir Stallsalot|Corviknight, M, shiny|100/100\n|move|p2a: Scizor|Bullet Punch|p1a: Sir Stallsalot\n|-resisted|p1a: Sir Stallsalot\n|-damage|p1a: Sir Stallsalot|91/100\n|-damage|p2a: Scizor|11/100|[from] item: Rocky Helmet|[of] p1a: Sir Stallsalot\n|\n|upkeep\n|turn|10\n|\n|t:|1788295956\n|move|p1a: Sir Stallsalot|U-turn|p2a: Scizor\n|-resisted|p2a: Scizor\n|-damage|p2a: Scizor|4/100\n|\n|t:|1788295960\n|switch|p1a: Zesty Sturdy|Zamazenta, shiny|100/100|[from] U-turn\n|-ability|p1a: Zesty Sturdy|Dauntless Shield|boost\n|-boost|p1a: Zesty Sturdy|def|1\n|move|p2a: Scizor|Defog|p1a: Zesty Sturdy\n|-unboost|p1a: Zesty Sturdy|evasion|1\n|-sideend|p2: getreyal|Stealth Rock|[from] move: Defog|[of] p2a: Scizor\n|\n|upkeep\n|turn|11\n|\n|t:|1788295965\n|move|p1a: Zesty Sturdy|Crunch|p2a: Scizor\n|-damage|p2a: Scizor|0 fnt\n|faint|p2a: Scizor\n|\n|upkeep\n|\n|t:|1788295968\n|switch|p2a: Chesnaught|Chesnaught, F|100/100\n|turn|12\n|\n|t:|1788295976\n|switch|p1a: wan poun fis|Ting-Lu|43/100\n|-ability|p1a: wan poun fis|Vessel of Ruin\n|move|p2a: Chesnaught|Spikes|p1a: wan poun fis\n|-sidestart|p1: Litryes|Spikes\n|\n|-heal|p1a: wan poun fis|49/100|[from] item: Leftovers\n|upkeep\n|turn|13\n|\n|t:|1788295982\n|move|p2a: Chesnaught|Body Press|p1a: wan poun fis\n|-supereffective|p1a: wan poun fis\n|-damage|p1a: wan poun fis|15/100\n|move|p1a: wan poun fis|Ruination|p2a: Chesnaught\n|-damage|p2a: Chesnaught|50/100\n|\n|-heal|p1a: wan poun fis|21/100|[from] item: Leftovers\n|upkeep\n|turn|14\n|\n|t:|1788295988\n|switch|p1a: Sir Stallsalot|Corviknight, M, shiny|91/100\n|move|p2a: Chesnaught|Body Press|p1a: Sir Stallsalot\n|-damage|p1a: Sir Stallsalot|66/100\n|-damage|p2a: Chesnaught|34/100|[from] item: Rocky Helmet|[of] p1a: Sir Stallsalot\n|\n|upkeep\n|turn|15\n|\n|t:|1788295993\n|switch|p2a: Zapdos|Zapdos|74/100\n|move|p1a: Sir Stallsalot|Defog|p2a: Zapdos\n|-unboost|p2a: Zapdos|evasion|1\n|-sideend|p1: Litryes|Spikes|[from] move: Defog|[of] p1a: Sir Stallsalot\n|\n|upkeep\n|turn|16\n|\n|t:|1788296010\n|switch|p2a: Chesnaught|Chesnaught, F|34/100\n|switch|p1a: Mechagojira|Iron Thorns, shiny|100/100\n|\n|upkeep\n|turn|17\n|inactive|getreyal has 120 seconds left.\n|inactive|getreyal has 90 seconds left.\n|\n|t:|1788296089\n|move|p1a: Mechagojira|Dragon Dance|p1a: Mechagojira\n|-boost|p1a: Mechagojira|atk|1\n|-boost|p1a: Mechagojira|spe|1\n|move|p2a: Chesnaught|Synthesis|p2a: Chesnaught\n|-heal|p2a: Chesnaught|84/100\n|\n|upkeep\n|turn|18\n|\n|t:|1788296095\n|move|p1a: Mechagojira|Pin Missile|p2a: Chesnaught\n|-damage|p2a: Chesnaught|76/100\n|-damage|p2a: Chesnaught|68/100\n|-crit|p2a: Chesnaught\n|-damage|p2a: Chesnaught|56/100\n|-damage|p2a: Chesnaught|47/100\n|-hitcount|p2a: Chesnaught|4\n|move|p2a: Chesnaught|Body Press|p1a: Mechagojira\n|-supereffective|p1a: Mechagojira\n|-damage|p1a: Mechagojira|20/100\n|\n|upkeep\n|turn|19\n|inactive|getreyal has 90 seconds left.\n|\n|t:|1788296108\n|move|p1a: Mechagojira|Pin Missile|p2a: Chesnaught\n|-damage|p2a: Chesnaught|39/100\n|-damage|p2a: Chesnaught|31/100\n|-damage|p2a: Chesnaught|22/100\n|-damage|p2a: Chesnaught|14/100\n|-hitcount|p2a: Chesnaught|4\n|move|p2a: Chesnaught|Synthesis|p2a: Chesnaught\n|-heal|p2a: Chesnaught|64/100\n|\n|upkeep\n|turn|20\n|\n|t:|1788296116\n|-end|p1a: Mechagojira|Quark Drive|[silent]\n|switch|p1a: Oxygen|Dragapult, M, shiny, tera:Ghost|15/100\n|move|p2a: Chesnaught|Synthesis|p2a: Chesnaught\n|-heal|p2a: Chesnaught|100/100\n|\n|upkeep\n|turn|21\n|\n|t:|1788296122\n|move|p1a: Oxygen|U-turn|p2a: Chesnaught\n|-damage|p2a: Chesnaught|91/100\n|-damage|p1a: Oxygen|0 fnt|[from] item: Rocky Helmet|[of] p2a: Chesnaught\n|faint|p1a: Oxygen\n|move|p2a: Chesnaught|Knock Off|p1: Oxygen|[notarget]\n|-fail|p2a: Chesnaught\n|\n|upkeep\n|\n|t:|1788296126\n|switch|p1a: Sir Stallsalot|Corviknight, M, shiny|66/100\n|turn|22\n|-message|Litryes forfeited.\n|\n|win|getreyal\n|raw|Litryes's rating: 1433 &rarr; <strong>1411</strong><br />(-22 for losing)\n|raw|getreyal's rating: 1390 &rarr; <strong>1412</strong><br />(+22 for winning)\n|l|\u2606Litryes\n|player|p1|\n|l|\u2606getreyal\n|player|p2|\n", "uploadtime": 1788296439, "views": "0", "formatid": "gen9ou", "rating": 1411, "private": 0, "password": null}