{"id": "gen9ou-2674040150", "format": "[Gen 9] OU", "players": ["DivineGabriel", "Acastillo631"], "log": "|j|\u2606DivineGabriel\n|j|\u2606Acastillo631\n|t:|1788291417\n|gametype|singles\n|player|p1|DivineGabriel|rye|1619\n|player|p2|Acastillo631|silver|1680\n|gen|9\n|tier|[Gen 9] OU\n|rated|\n|rule|HP Percentage Mod: HP is shown in percentages\n|rule|Endless Battle Clause: Forcing endless battles is banned\n|rule|Species Clause: Limit one of each Pok\u00e9mon\n|rule|OHKO Clause: OHKO moves are banned\n|rule|Evasion Items Clause: Evasion items are banned\n|rule|Evasion Moves Clause: Evasion moves are banned\n|rule|Evasion Abilities Clause: Evasion abilities are banned\n|rule|Sleep Moves Clause: Sleep-inducing moves are banned\n|clearpoke\n|poke|p1|Typhlosion-Hisui, M|\n|poke|p1|Great Tusk|\n|poke|p1|Torkoal, M|\n|poke|p1|Walking Wake|\n|poke|p1|Hatterene, F|\n|poke|p1|Meowscarada, F|\n|poke|p2|Iron Valiant|\n|poke|p2|Sinistcha|\n|poke|p2|Klefki, M|\n|poke|p2|Iron Treads|\n|poke|p2|Tyranitar, F|\n|poke|p2|Samurott-Hisui, F|\n|teampreview\n|\n|t:|1788291427\n|teamsize|p1|6\n|teamsize|p2|6\n|start\n|switch|p1a: Meowscarada|Meowscarada, F|100/100\n|switch|p2a: Blade Armor|Samurott-Hisui, F|100/100\n|turn|1\n|inactive|Battle timer is ON: inactive players will automatically lose when time's up. (requested by DivineGabriel)\n|\n|t:|1788291431\n|switch|p2a: Redips|Klefki, M|100/100\n|move|p1a: Meowscarada|U-turn|p2a: Redips\n|-start|p1a: Meowscarada|typechange|Bug|[from] ability: Protean\n|-resisted|p2a: Redips\n|-damage|p2a: Redips|94/100\n|-damage|p1a: Meowscarada|84/100|[from] item: Rocky Helmet|[of] p2a: Redips\n|\n|t:|1788291435\n|switch|p1a: Torkoal|Torkoal, M|100/100|[from] U-turn\n|-weather|SunnyDay|[from] ability: Drought|[of] p1a: Torkoal\n|\n|-weather|SunnyDay|[upkeep]\n|upkeep\n|turn|2\n|\n|t:|1788291438\n|switch|p2a: Eregion|Tyranitar, F|100/100\n|-weather|Sandstorm|[from] ability: Sand Stream|[of] p2a: Eregion\n|move|p1a: Torkoal|Flamethrower|p2a: Eregion\n|-resisted|p2a: Eregion\n|-damage|p2a: Eregion|95/100\n|\n|-weather|Sandstorm|[upkeep]\n|-damage|p1a: Torkoal|94/100|[from] Sandstorm\n|-heal|p2a: Eregion|100/100|[from] item: Leftovers\n|upkeep\n|turn|3\n|\n|t:|1788291442\n|move|p2a: Eregion|Knock Off|p1a: Torkoal\n|-damage|p1a: Torkoal|70/100\n|-enditem|p1a: Torkoal|Heat Rock|[from] move: Knock Off|[of] p2a: Eregion\n|move|p1a: Torkoal|Will-O-Wisp|p2a: Eregion\n|-status|p2a: Eregion|brn\n|\n|-weather|Sandstorm|[upkeep]\n|-damage|p1a: Torkoal|63/100|[from] Sandstorm\n|-damage|p2a: Eregion|94/100 brn|[from] brn\n|upkeep\n|turn|4\n|\n|t:|1788291447\n|switch|p2a: Blade Armor|Samurott-Hisui, F|100/100\n|switch|p1a: Great Tusk|Great Tusk|100/100\n|\n|-weather|Sandstorm|[upkeep]\n|-damage|p2a: Blade Armor|94/100|[from] Sandstorm\n|upkeep\n|turn|5\n|\n|t:|1788291451\n|switch|p2a: Wire Sponge|Sinistcha|100/100\n|move|p1a: Great Tusk|Earthquake|p2a: Wire Sponge\n|-resisted|p2a: Wire Sponge\n|-damage|p2a: Wire Sponge|86/100\n|\n|-weather|Sandstorm|[upkeep]\n|-damage|p2a: Wire Sponge|80/100|[from] Sandstorm\n|upkeep\n|turn|6\n|\n|t:|1788291455\n|-end|p1a: Great Tusk|Protosynthesis|[silent]\n|switch|p1a: Meowscarada|Meowscarada, F|84/100\n|move|p2a: Wire Sponge|Shadow Ball|p1a: Meowscarada\n|-resisted|p1a: Meowscarada\n|-damage|p1a: Meowscarada|60/100\n|-unboost|p1a: Meowscarada|spd|1\n|\n|-weather|none\n|upkeep\n|turn|7\n|\n|t:|1788291464\n|switch|p1a: Great Tusk|Great Tusk|100/100\n|switch|p2a: Redips|Klefki, M|94/100\n|\n|upkeep\n|turn|8\n|\n|t:|1788291466\n|move|p2a: Redips|Magnet Rise|p2a: Redips\n|-start|p2a: Redips|Magnet Rise\n|move|p1a: Great Tusk|Stealth Rock|p2a: Redips\n|-sidestart|p2: Acastillo631|move: Stealth Rock\n|\n|upkeep\n|turn|9\n|\n|t:|1788291469\n|-end|p1a: Great Tusk|Protosynthesis|[silent]\n|switch|p1a: Torkoal|Torkoal, M|63/100\n|-weather|SunnyDay|[from] ability: Drought|[of] p1a: Torkoal\n|move|p2a: Redips|Dazzling Gleam|p1a: Torkoal\n|-resisted|p1a: Torkoal\n|-damage|p1a: Torkoal|49/100\n|\n|-weather|SunnyDay|[upkeep]\n|upkeep\n|turn|10\n|j| Martinique Jason\n|\n|t:|1788291482\n|switch|p1a: Great Tusk|Great Tusk|100/100\n|-activate|p1a: Great Tusk|ability: Protosynthesis\n|-start|p1a: Great Tusk|protosynthesisspe\n|move|p2a: Redips|Spikes|p1a: Great Tusk\n|-sidestart|p1: DivineGabriel|Spikes\n|\n|-weather|SunnyDay|[upkeep]\n|upkeep\n|turn|11\n|l| Martinique Jason\n|\n|t:|1788291488\n|move|p1a: Great Tusk|Knock Off|p2a: Redips\n|-resisted|p2a: Redips\n|-damage|p2a: Redips|83/100\n|-damage|p1a: Great Tusk|84/100|[from] item: Rocky Helmet|[of] p2a: Redips\n|-enditem|p2a: Redips|Rocky Helmet|[from] move: Knock Off|[of] p1a: Great Tusk\n|move|p2a: Redips|Dazzling Gleam|p1a: Great Tusk\n|-supereffective|p1a: Great Tusk\n|-damage|p1a: Great Tusk|21/100\n|\n|-weather|SunnyDay|[upkeep]\n|-heal|p1a: Great Tusk|27/100|[from] item: Leftovers\n|upkeep\n|turn|12\n|\n|t:|1788291493\n|move|p1a: Great Tusk|Rapid Spin|p2a: Redips\n|-resisted|p2a: Redips\n|-damage|p2a: Redips|77/100\n|-boost|p1a: Great Tusk|spe|1\n|-sideend|p1: DivineGabriel|Spikes|[from] move: Rapid Spin|[of] p1a: Great Tusk\n|move|p2a: Redips|Dazzling Gleam|p1a: Great Tusk\n|-supereffective|p1a: Great Tusk\n|-damage|p1a: Great Tusk|0 fnt\n|faint|p1a: Great Tusk\n|-end|p1a: Great Tusk|Protosynthesis|[silent]\n|\n|-weather|SunnyDay|[upkeep]\n|-end|p2a: Redips|Magnet Rise\n|upkeep\n|\n|t:|1788291496\n|switch|p1a: Typhlosion|Typhlosion-Hisui, M|100/100\n|turn|13\n|\n|t:|1788291501\n|switch|p2a: Eregion|Tyranitar, F|94/100 brn\n|-damage|p2a: Eregion|82/100 brn|[from] Stealth Rock\n|-weather|Sandstorm|[from] ability: Sand Stream|[of] p2a: Eregion\n|move|p1a: Typhlosion|Eruption|p2a: Eregion\n|-resisted|p2a: Eregion\n|-damage|p2a: Eregion|58/100 brn\n|\n|-weather|Sandstorm|[upkeep]\n|-damage|p1a: Typhlosion|95/100|[from] Sandstorm\n|-heal|p2a: Eregion|64/100 brn|[from] item: Leftovers\n|-damage|p2a: Eregion|58/100 brn|[from] brn\n|upkeep\n|turn|14\n|\n|t:|1788291507\n|switch|p1a: Hatterene|Hatterene, F|100/100\n|move|p2a: Eregion|Knock Off|p1a: Hatterene\n|-damage|p1a: Hatterene|83/100\n|-enditem|p1a: Hatterene|Eject Button|[from] move: Knock Off|[of] p2a: Eregion\n|\n|-weather|Sandstorm|[upkeep]\n|-damage|p1a: Hatterene|77/100|[from] Sandstorm\n|-heal|p2a: Eregion|64/100 brn|[from] item: Leftovers\n|-damage|p2a: Eregion|58/100 brn|[from] brn\n|upkeep\n|turn|15\n|\n|t:|1788291535\n|switch|p2a: Wire Sponge|Sinistcha|80/100\n|switch|p1a: Torkoal|Torkoal, M|49/100\n|-weather|SunnyDay|[from] ability: Drought|[of] p1a: Torkoal\n|\n|-weather|SunnyDay|[upkeep]\n|upkeep\n|turn|16\n|\n|t:|1788291544\n|switch|p1a: Meowscarada|Meowscarada, F|60/100\n|move|p2a: Wire Sponge|Shadow Ball|p1a: Meowscarada\n|-resisted|p1a: Meowscarada\n|-damage|p1a: Meowscarada|33/100\n|\n|-weather|SunnyDay|[upkeep]\n|upkeep\n|turn|17\n|\n|t:|1788291550\n|switch|p2a: Redips|Klefki, M|77/100\n|-damage|p2a: Redips|71/100|[from] Stealth Rock\n|move|p1a: Meowscarada|U-turn|p2a: Redips\n|-start|p1a: Meowscarada|typechange|Bug|[from] ability: Protean\n|-resisted|p2a: Redips\n|-damage|p2a: Redips|64/100\n|\n|t:|1788291552\n|switch|p1a: Typhlosion|Typhlosion-Hisui, M|95/100|[from] U-turn\n|\n|-weather|SunnyDay|[upkeep]\n|upkeep\n|turn|18\n|\n|t:|1788291561\n|switch|p2a: Eregion|Tyranitar, F|58/100 brn\n|-damage|p2a: Eregion|46/100 brn|[from] Stealth Rock\n|-weather|Sandstorm|[from] ability: Sand Stream|[of] p2a: Eregion\n|move|p1a: Typhlosion|Eruption|p2a: Eregion\n|-resisted|p2a: Eregion\n|-damage|p2a: Eregion|23/100 brn\n|\n|-weather|Sandstorm|[upkeep]\n|-damage|p1a: Typhlosion|89/100|[from] Sandstorm\n|-heal|p2a: Eregion|29/100 brn|[from] item: Leftovers\n|-damage|p2a: Eregion|23/100 brn|[from] brn\n|upkeep\n|turn|19\n|\n|t:|1788291564\n|move|p1a: Typhlosion|Eruption|p2a: Eregion\n|-resisted|p2a: Eregion\n|-damage|p2a: Eregion|2/100 brn\n|move|p2a: Eregion|Stealth Rock|p1a: Typhlosion\n|-sidestart|p1: DivineGabriel|move: Stealth Rock\n|\n|-weather|Sandstorm|[upkeep]\n|-damage|p1a: Typhlosion|83/100|[from] Sandstorm\n|-heal|p2a: Eregion|8/100 brn|[from] item: Leftovers\n|-damage|p2a: Eregion|2/100 brn|[from] brn\n|upkeep\n|turn|20\n|\n|t:|1788291568\n|switch|p2a: Blade Armor|Samurott-Hisui, F|94/100\n|move|p1a: Typhlosion|Eruption|p2a: Blade Armor\n|-resisted|p2a: Blade Armor\n|-damage|p2a: Blade Armor|21/100\n|\n|-weather|Sandstorm|[upkeep]\n|-damage|p1a: Typhlosion|77/100|[from] Sandstorm\n|-damage|p2a: Blade Armor|14/100|[from] Sandstorm\n|upkeep\n|turn|21\n|\n|t:|1788291580\n|switch|p1a: Torkoal|Torkoal, M|49/100\n|-damage|p1a: Torkoal|24/100|[from] Stealth Rock\n|-weather|SunnyDay|[from] ability: Drought|[of] p1a: Torkoal\n|move|p2a: Blade Armor|Razor Shell|p1a: Torkoal\n|-supereffective|p1a: Torkoal\n|-damage|p1a: Torkoal|0 fnt\n|faint|p1a: Torkoal\n|\n|-weather|SunnyDay|[upkeep]\n|upkeep\n|j| Puyu paz\n|\n|t:|1788291587\n|switch|p1a: Walking Wake|Walking Wake|100/100\n|-damage|p1a: Walking Wake|88/100|[from] Stealth Rock\n|-activate|p1a: Walking Wake|ability: Protosynthesis\n|-start|p1a: Walking Wake|protosynthesisspe\n|turn|22\n|\n|t:|1788291594\n|move|p1a: Walking Wake|Hydro Steam|p2a: Blade Armor\n|-resisted|p2a: Blade Armor\n|-damage|p2a: Blade Armor|0 fnt\n|faint|p2a: Blade Armor\n|\n|-weather|SunnyDay|[upkeep]\n|upkeep\n|\n|t:|1788291613\n|switch|p2a: Sage Harpuia|Iron Valiant|100/100\n|-damage|p2a: Sage Harpuia|94/100|[from] Stealth Rock\n|-enditem|p2a: Sage Harpuia|Booster Energy\n|-activate|p2a: Sage Harpuia|ability: Quark Drive|[fromitem]\n|-start|p2a: Sage Harpuia|quarkdrivespe\n|turn|23\n|\n|t:|1788291616\n|-terastallize|p1a: Walking Wake|Water\n|move|p2a: Sage Harpuia|Moonblast|p1a: Walking Wake\n|-damage|p1a: Walking Wake|36/100\n|move|p1a: Walking Wake|Hydro Steam|p2a: Sage Harpuia\n|-damage|p2a: Sage Harpuia|0 fnt\n|faint|p2a: Sage Harpuia\n|-end|p2a: Sage Harpuia|Quark Drive|[silent]\n|\n|-weather|SunnyDay|[upkeep]\n|upkeep\n|\n|t:|1788291624\n|switch|p2a: Wire Sponge|Sinistcha|80/100\n|turn|24\n|\n|t:|1788291629\n|-end|p1a: Walking Wake|Protosynthesis|[silent]\n|switch|p1a: Meowscarada|Meowscarada, F|33/100\n|-damage|p1a: Meowscarada|21/100|[from] Stealth Rock\n|move|p2a: Wire Sponge|Shadow Ball|p1a: Meowscarada\n|-resisted|p1a: Meowscarada\n|-crit|p1a: Meowscarada\n|-damage|p1a: Meowscarada|0 fnt\n|faint|p1a: Meowscarada\n|\n|-weather|SunnyDay|[upkeep]\n|upkeep\n|\n|t:|1788291631\n|switch|p1a: Typhlosion|Typhlosion-Hisui, M|77/100\n|-damage|p1a: Typhlosion|52/100|[from] Stealth Rock\n|turn|25\n|\n|t:|1788291636\n|switch|p2a: Redips|Klefki, M|64/100\n|-damage|p2a: Redips|58/100|[from] Stealth Rock\n|move|p1a: Typhlosion|Flamethrower|p2a: Redips\n|-supereffective|p2a: Redips\n|-damage|p2a: Redips|0 fnt\n|faint|p2a: Redips\n|\n|-weather|none\n|upkeep\n|l|\u2606Acastillo631\n|inactive|Acastillo631 disconnected and has a minute to reconnect!\n|player|p2|\n|inactive|Acastillo631 has 30 seconds to reconnect!\n|j|\u2606Acastillo631\n|inactive|Acastillo631 reconnected and has 110 seconds left.\n|player|p2|Acastillo631|silver|\n|inactive|Acastillo631 has 90 seconds left.\n|inactive|Acastillo631 has 60 seconds left.\n|\n|t:|1788291730\n|switch|p2a: Armored Armadillo|Iron Treads|100/100\n|-damage|p2a: Armored Armadillo|97/100|[from] Stealth Rock\n|-item|p2a: Armored Armadillo|Air Balloon\n|turn|26\n|inactive|Acastillo631 has 60 seconds left.\n|\n|t:|1788291748\n|switch|p1a: Hatterene|Hatterene, F|77/100\n|-damage|p1a: Hatterene|64/100|[from] Stealth Rock\n|-terastallize|p2a: Armored Armadillo|Ground\n|move|p2a: Armored Armadillo|Earthquake|p1a: Hatterene\n|-damage|p1a: Hatterene|13/100\n|\n|upkeep\n|turn|27\n|inactive|Acastillo631 has 60 seconds left.\n|\n|t:|1788291761\n|switch|p1a: Typhlosion|Typhlosion-Hisui, M|52/100\n|-damage|p1a: Typhlosion|27/100|[from] Stealth Rock\n|move|p2a: Armored Armadillo|Rapid Spin|p1a: Typhlosion\n|-immune|p1a: Typhlosion\n|\n|upkeep\n|turn|28\n|\n|t:|1788291766\n|switch|p1a: Hatterene|Hatterene, F|13/100\n|-damage|p1a: Hatterene|1/100|[from] Stealth Rock\n|move|p2a: Armored Armadillo|Knock Off|p1a: Hatterene\n|-damage|p1a: Hatterene|0 fnt\n|faint|p1a: Hatterene\n|\n|upkeep\n|\n|t:|1788291771\n|switch|p1a: Walking Wake|Walking Wake, tera:Water|36/100\n|-damage|p1a: Walking Wake|24/100|[from] Stealth Rock\n|turn|29\n|inactive|DivineGabriel has 120 seconds left.\n|\n|t:|1788291803\n|-end|p2a: Armored Armadillo|Quark Drive|[silent]\n|switch|p2a: Eregion|Tyranitar, F|2/100 brn\n|-damage|p2a: Eregion|0 fnt|[from] Stealth Rock\n|faint|p2a: Eregion\n|move|p1a: Walking Wake|Draco Meteor|p2: Eregion|[notarget]\n|-fail|p1a: Walking Wake\n|\n|upkeep\n|j| Slashutu\n|l| Slashutu\n|\n|t:|1788291815\n|switch|p2a: Wire Sponge|Sinistcha|80/100\n|turn|30\n|\n|t:|1788291830\n|move|p1a: Walking Wake|Draco Meteor|p2a: Wire Sponge\n|-damage|p2a: Wire Sponge|0 fnt\n|-unboost|p1a: Walking Wake|spa|2\n|faint|p2a: Wire Sponge\n|\n|upkeep\n|\n|t:|1788291833\n|switch|p2a: Armored Armadillo|Iron Treads, tera:Ground|97/100\n|-damage|p2a: Armored Armadillo|91/100|[from] Stealth Rock\n|-item|p2a: Armored Armadillo|Air Balloon\n|turn|31\n|\n|t:|1788291839\n|-end|p1a: Walking Wake|Protosynthesis|[silent]\n|switch|p1a: Typhlosion|Typhlosion-Hisui, M|27/100\n|-damage|p1a: Typhlosion|3/100|[from] Stealth Rock\n|move|p2a: Armored Armadillo|Rapid Spin|p1a: Typhlosion\n|-immune|p1a: Typhlosion\n|\n|upkeep\n|turn|32\n|-message|Acastillo631 forfeited.\n|\n|win|DivineGabriel\n|raw|DivineGabriel's rating: 1619 &rarr; <strong>1642</strong><br />(+23 for winning)\n|raw|Acastillo631's rating: 1680 &rarr; <strong>1657</strong><br />(-23 for losing)\n|l|\u2606Acastillo631\n|player|p2|\n", "uploadtime": 1788291847, "views": "3", "formatid": "gen9ou", "rating": 1642, "private": 0, "password": null}