{"id": "gen9ou-2673874826", "format": "[Gen 9] OU", "players": ["PR*SSS", "Agent Zyn7"], "log": "|j|\u2606PR*SSS\n|j|\u2606Agent Zyn7\n|t:|1788271682\n|gametype|singles\n|player|p1|PR*SSS|psychic-gen2|1641\n|player|p2|Agent Zyn7|elesa|1673\n|gen|9\n|tier|[Gen 9] OU\n|rated|\n|rule|HP Percentage Mod: HP is shown in percentages\n|rule|Endless Battle Clause: Forcing endless battles is banned\n|rule|Species Clause: Limit one of each Pok\u00e9mon\n|rule|OHKO Clause: OHKO moves are banned\n|rule|Evasion Items Clause: Evasion items are banned\n|rule|Evasion Moves Clause: Evasion moves are banned\n|rule|Evasion Abilities Clause: Evasion abilities are banned\n|rule|Sleep Moves Clause: Sleep-inducing moves are banned\n|clearpoke\n|poke|p1|Deoxys-Speed|\n|poke|p1|Dragonite, F|\n|poke|p1|Great Tusk|\n|poke|p1|Gholdengo|\n|poke|p1|Samurott-Hisui, F|\n|poke|p1|Cresselia, F|\n|poke|p2|Pelipper, M|\n|poke|p2|Zamazenta-*|\n|poke|p2|Manaphy|\n|poke|p2|Rillaboom, M|\n|poke|p2|Enamorus, F|\n|poke|p2|Raging Bolt|\n|teampreview\n|\n|t:|1788271693\n|teamsize|p1|6\n|teamsize|p2|6\n|start\n|switch|p1a: Samurott|Samurott-Hisui, F|100/100\n|switch|p2a: Cupcakke|Enamorus, F|100/100\n|turn|1\n|\n|t:|1788271698\n|switch|p1a: Gholdengo|Gholdengo|100/100\n|move|p2a: Cupcakke|Moonblast|p1a: Gholdengo\n|-resisted|p1a: Gholdengo\n|-damage|p1a: Gholdengo|72/100\n|-unboost|p1a: Gholdengo|spa|1\n|\n|upkeep\n|turn|2\n|\n|t:|1788271706\n|switch|p2a: Wet Ass Pelipper|Pelipper, M|100/100\n|-weather|RainDance|[from] ability: Drizzle|[of] p2a: Wet Ass Pelipper\n|switch|p1a: Samurott|Samurott-Hisui, F|100/100\n|\n|-weather|RainDance|[upkeep]\n|upkeep\n|turn|3\n|\n|t:|1788271708\n|move|p1a: Samurott|Ceaseless Edge|p2a: Wet Ass Pelipper\n|-crit|p2a: Wet Ass Pelipper\n|-damage|p2a: Wet Ass Pelipper|48/100\n|-sidestart|p2: Agent Zyn7|Spikes\n|move|p2a: Wet Ass Pelipper|U-turn|p1a: Samurott\n|-supereffective|p1a: Samurott\n|-damage|p1a: Samurott|81/100\n|\n|t:|1788271712\n|switch|p2a: Cardi Z|Zamazenta, shiny|100/100|[from] U-turn\n|-damage|p2a: Cardi Z|88/100|[from] Spikes\n|-ability|p2a: Cardi Z|Dauntless Shield|boost\n|-boost|p2a: Cardi Z|def|1\n|\n|-weather|RainDance|[upkeep]\n|upkeep\n|turn|4\n|inactive|Battle timer is ON: inactive players will automatically lose when time's up. (requested by PR*SSS)\n|\n|t:|1788271716\n|switch|p1a: Gholdengo|Gholdengo|72/100\n|move|p2a: Cardi Z|Body Press|p1a: Gholdengo\n|-immune|p1a: Gholdengo\n|\n|-weather|RainDance|[upkeep]\n|upkeep\n|turn|5\n|\n|t:|1788271724\n|switch|p2a: Megan Thee Monkey|Rillaboom, M, shiny|100/100\n|-damage|p2a: Megan Thee Monkey|88/100|[from] Spikes\n|-fieldstart|move: Grassy Terrain|[from] ability: Grassy Surge|[of] p2a: Megan Thee Monkey\n|move|p1a: Gholdengo|Shadow Ball|p2a: Megan Thee Monkey\n|-damage|p2a: Megan Thee Monkey|29/100\n|\n|-weather|RainDance|[upkeep]\n|-heal|p1a: Gholdengo|78/100|[from] Grassy Terrain\n|-heal|p2a: Megan Thee Monkey|35/100|[from] Grassy Terrain\n|upkeep\n|turn|6\n|\n|t:|1788271728\n|switch|p2a: Cardi Z|Zamazenta, shiny|88/100\n|-damage|p2a: Cardi Z|76/100|[from] Spikes\n|move|p1a: Gholdengo|Shadow Ball|p2a: Cardi Z\n|-damage|p2a: Cardi Z|37/100\n|\n|-weather|RainDance|[upkeep]\n|-heal|p1a: Gholdengo|84/100|[from] Grassy Terrain\n|-heal|p2a: Cardi Z|43/100|[from] Grassy Terrain\n|upkeep\n|turn|7\n|\n|t:|1788271731\n|move|p1a: Gholdengo|Shadow Ball|p2a: Cardi Z\n|-damage|p2a: Cardi Z|5/100\n|move|p2a: Cardi Z|Light Screen|p2a: Cardi Z\n|-sidestart|p2: Agent Zyn7|move: Light Screen\n|\n|-weather|RainDance|[upkeep]\n|-heal|p1a: Gholdengo|90/100|[from] Grassy Terrain\n|-heal|p2a: Cardi Z|11/100|[from] Grassy Terrain\n|upkeep\n|turn|8\n|\n|t:|1788271737\n|move|p1a: Gholdengo|Shadow Ball|p2a: Cardi Z\n|-damage|p2a: Cardi Z|0 fnt\n|faint|p2a: Cardi Z\n|\n|-weather|RainDance|[upkeep]\n|-heal|p1a: Gholdengo|96/100|[from] Grassy Terrain\n|upkeep\n|\n|t:|1788271739\n|switch|p2a: Make It Drop|Manaphy|100/100\n|-damage|p2a: Make It Drop|88/100|[from] Spikes\n|-enditem|p2a: Make It Drop|Grassy Seed\n|-boost|p2a: Make It Drop|def|1|[from] item: Grassy Seed\n|turn|9\n|\n|t:|1788271745\n|switch|p1a: Samurott|Samurott-Hisui, F|81/100\n|move|p2a: Make It Drop|Tail Glow|p2a: Make It Drop\n|-boost|p2a: Make It Drop|spa|3\n|\n|-weather|none\n|-heal|p2a: Make It Drop|94/100|[from] Grassy Terrain\n|-heal|p1a: Samurott|87/100|[from] Grassy Terrain\n|-fieldend|move: Grassy Terrain\n|upkeep\n|turn|10\n|j| Phan009\n|\n|t:|1788271759\n|move|p2a: Make It Drop|Alluring Voice|p1a: Samurott\n|-supereffective|p1a: Samurott\n|-damage|p1a: Samurott|0 fnt\n|faint|p1a: Samurott\n|\n|upkeep\n|l| Phan009\n|\n|t:|1788271776\n|switch|p1a: Gholdengo|Gholdengo|96/100\n|turn|11\n|\n|t:|1788271778\n|move|p1a: Gholdengo|Shadow Ball|p2a: Make It Drop\n|-damage|p2a: Make It Drop|77/100\n|move|p2a: Make It Drop|Surf|p1a: Gholdengo\n|-damage|p1a: Gholdengo|0 fnt\n|faint|p1a: Gholdengo\n|\n|upkeep\n|\n|t:|1788271794\n|switch|p1a: Dragonite|Dragonite, F|100/100\n|turn|12\n|\n|t:|1788271810\n|-terastallize|p1a: Dragonite|Fire\n|-terastallize|p2a: Make It Drop|Fairy\n|move|p1a: Dragonite|Dragon Dance|p1a: Dragonite\n|-boost|p1a: Dragonite|atk|1\n|-boost|p1a: Dragonite|spe|1\n|move|p2a: Make It Drop|Alluring Voice|p1a: Dragonite\n|-resisted|p1a: Dragonite\n|-damage|p1a: Dragonite|78/100\n|-start|p1a: Dragonite|confusion\n|\n|upkeep\n|turn|13\n|\n|t:|1788271816\n|-activate|p1a: Dragonite|confusion\n|-damage|p1a: Dragonite|50/100|[from] confusion\n|move|p2a: Make It Drop|Surf|p1a: Dragonite\n|-supereffective|p1a: Dragonite\n|-damage|p1a: Dragonite|0 fnt\n|faint|p1a: Dragonite\n|\n|upkeep\n|\n|t:|1788271825\n|switch|p1a: Great Tusk|Great Tusk|100/100\n|turn|14\n|\n|t:|1788271829\n|move|p1a: Great Tusk|Headlong Rush|p2a: Make It Drop\n|-damage|p2a: Make It Drop|44/100\n|-unboost|p1a: Great Tusk|def|1\n|-unboost|p1a: Great Tusk|spd|1\n|move|p2a: Make It Drop|Surf|p1a: Great Tusk\n|-supereffective|p1a: Great Tusk\n|-damage|p1a: Great Tusk|0 fnt\n|faint|p1a: Great Tusk\n|-end|p1a: Great Tusk|Protosynthesis|[silent]\n|\n|-sideend|p2: Agent Zyn7|move: Light Screen\n|upkeep\n|\n|t:|1788271837\n|switch|p1a: Deoxys|Deoxys-Speed|100/100\n|-ability|p1a: Deoxys|Pressure\n|turn|15\n|\n|t:|1788271841\n|switch|p2a: Wet Ass Pelipper|Pelipper, M|48/100\n|-weather|RainDance|[from] ability: Drizzle|[of] p2a: Wet Ass Pelipper\n|move|p1a: Deoxys|Psycho Boost|p2a: Wet Ass Pelipper|[miss]\n|-miss|p1a: Deoxys|p2a: Wet Ass Pelipper\n|\n|-weather|RainDance|[upkeep]\n|upkeep\n|turn|16\n|\n|t:|1788271848\n|move|p1a: Deoxys|Nasty Plot|p1a: Deoxys\n|-boost|p1a: Deoxys|spa|2\n|move|p2a: Wet Ass Pelipper|Surf|p1a: Deoxys\n|-damage|p1a: Deoxys|28/100\n|\n|-weather|RainDance|[upkeep]\n|upkeep\n|turn|17\n|\n|t:|1788271852\n|move|p1a: Deoxys|Psycho Boost|p2a: Wet Ass Pelipper\n|-damage|p2a: Wet Ass Pelipper|0 fnt\n|-unboost|p1a: Deoxys|spa|2\n|faint|p2a: Wet Ass Pelipper\n|-damage|p1a: Deoxys|18/100|[from] item: Life Orb\n|\n|-weather|RainDance|[upkeep]\n|upkeep\n|\n|t:|1788271856\n|switch|p2a: Cupcakke|Enamorus, F|100/100\n|turn|18\n|\n|t:|1788271860\n|move|p2a: Cupcakke|Moonblast|p1a: Deoxys\n|-damage|p1a: Deoxys|0 fnt\n|faint|p1a: Deoxys\n|\n|-weather|RainDance|[upkeep]\n|upkeep\n|\n|t:|1788271862\n|switch|p1a: Cresselia|Cresselia, F|100/100\n|turn|19\n|\n|t:|1788271864\n|switch|p2a: Megan Thee Monkey|Rillaboom, M, shiny|35/100\n|-damage|p2a: Megan Thee Monkey|23/100|[from] Spikes\n|-fieldstart|move: Grassy Terrain|[from] ability: Grassy Surge|[of] p2a: Megan Thee Monkey\n|move|p1a: Cresselia|Calm Mind|p1a: Cresselia\n|-boost|p1a: Cresselia|spa|1\n|-boost|p1a: Cresselia|spd|1\n|\n|-weather|RainDance|[upkeep]\n|-heal|p2a: Megan Thee Monkey|29/100|[from] Grassy Terrain\n|upkeep\n|turn|20\n|\n|t:|1788271868\n|move|p2a: Megan Thee Monkey|Knock Off|p1a: Cresselia\n|-supereffective|p1a: Cresselia\n|-damage|p1a: Cresselia|33/100\n|-enditem|p1a: Cresselia|Leftovers|[from] move: Knock Off|[of] p2a: Megan Thee Monkey\n|-damage|p2a: Megan Thee Monkey|19/100|[from] item: Life Orb\n|move|p1a: Cresselia|Ice Beam|p2a: Megan Thee Monkey\n|-supereffective|p2a: Megan Thee Monkey\n|-damage|p2a: Megan Thee Monkey|0 fnt\n|faint|p2a: Megan Thee Monkey\n|\n|-weather|RainDance|[upkeep]\n|upkeep\n|\n|t:|1788271874\n|switch|p2a: Make It Drop|Manaphy, tera:Fairy|44/100\n|-damage|p2a: Make It Drop|32/100|[from] Spikes\n|turn|21\n|\n|t:|1788271879\n|move|p2a: Make It Drop|Rest|p2a: Make It Drop\n|-status|p2a: Make It Drop|slp|[from] move: Rest\n|-heal|p2a: Make It Drop|100/100 slp|[silent]\n|move|p1a: Cresselia|Moonlight|p1a: Cresselia\n|-heal|p1a: Cresselia|58/100\n|\n|-weather|RainDance|[upkeep]\n|-activate|p2a: Make It Drop|ability: Hydration\n|-curestatus|p2a: Make It Drop|slp|[msg]\n|upkeep\n|turn|22\n|\n|t:|1788271887\n|move|p2a: Make It Drop|Tail Glow|p2a: Make It Drop\n|-boost|p2a: Make It Drop|spa|3\n|move|p1a: Cresselia|Calm Mind|p1a: Cresselia\n|-boost|p1a: Cresselia|spa|1\n|-boost|p1a: Cresselia|spd|1\n|\n|-weather|none\n|upkeep\n|turn|23\n|\n|t:|1788271890\n|move|p2a: Make It Drop|Tail Glow|p2a: Make It Drop\n|-boost|p2a: Make It Drop|spa|3\n|move|p1a: Cresselia|Moonlight|p1a: Cresselia\n|-heal|p1a: Cresselia|100/100\n|\n|-fieldend|move: Grassy Terrain\n|upkeep\n|turn|24\n|\n|t:|1788271892\n|move|p2a: Make It Drop|Alluring Voice|p1a: Cresselia\n|-damage|p1a: Cresselia|45/100\n|move|p1a: Cresselia|Thunderbolt|p2a: Make It Drop\n|-damage|p2a: Make It Drop|61/100\n|\n|upkeep\n|turn|25\n|\n|t:|1788271896\n|move|p2a: Make It Drop|Alluring Voice|p1a: Cresselia\n|-damage|p1a: Cresselia|0 fnt\n|faint|p1a: Cresselia\n|\n|win|Agent Zyn7\n|raw|PR*SSS's rating: 1641 &rarr; <strong>1623</strong><br />(-18 for losing)\n|raw|Agent Zyn7's rating: 1673 &rarr; <strong>1691</strong><br />(+18 for winning)\n|l|\u2606PR*SSS\n|player|p1|\n|l|\u2606Agent Zyn7\n|player|p2|\n", "uploadtime": 1788272161, "views": "0", "formatid": "gen9ou", "rating": 1623, "private": 0, "password": null}