{"id": "gen9ou-2673940460", "format": "[Gen 9] OU", "players": ["real regals", "Zuifeng"], "log": "|j|\u2606real regals\n|j|\u2606Zuifeng\n|t:|1788279702\n|gametype|singles\n|player|p1|real regals|boarder-gen2|1695\n|player|p2|Zuifeng|li|1822\n|gen|9\n|tier|[Gen 9] OU\n|rated|\n|rule|HP Percentage Mod: HP is shown in percentages\n|rule|Endless Battle Clause: Forcing endless battles is banned\n|rule|Species Clause: Limit one of each Pok\u00e9mon\n|rule|OHKO Clause: OHKO moves are banned\n|rule|Evasion Items Clause: Evasion items are banned\n|rule|Evasion Moves Clause: Evasion moves are banned\n|rule|Evasion Abilities Clause: Evasion abilities are banned\n|rule|Sleep Moves Clause: Sleep-inducing moves are banned\n|clearpoke\n|poke|p1|Blaziken, M|\n|poke|p1|Ogerpon-Wellspring, F|\n|poke|p1|Ting-Lu|\n|poke|p1|Dragonite, F|\n|poke|p1|Iron Moth|\n|poke|p1|Gholdengo|\n|poke|p2|Dragapult, M|\n|poke|p2|Slowking-Galar, F|\n|poke|p2|Cinderace, F|\n|poke|p2|Great Tusk|\n|poke|p2|Tornadus-Therian, M|\n|poke|p2|Alomomola, M|\n|teampreview\n|inactive|Battle timer is ON: inactive players will automatically lose when time's up. (requested by Zuifeng)\n|\n|t:|1788279732\n|teamsize|p1|6\n|teamsize|p2|6\n|start\n|switch|p1a: Blaziken|Blaziken, M|100/100\n|switch|p2a: Dragapult|Dragapult, M|100/100\n|turn|1\n|\n|t:|1788279742\n|move|p2a: Dragapult|Dragon Darts|p1a: Blaziken\n|-damage|p1a: Blaziken|43/100\n|-anim|p2a: Dragapult|Dragon Darts|p1a: Blaziken\n|-damage|p1a: Blaziken|0 fnt\n|faint|p1a: Blaziken\n|\n|upkeep\n|\n|t:|1788279745\n|switch|p1a: Ting-Lu|Ting-Lu|100/100\n|-ability|p1a: Ting-Lu|Vessel of Ruin\n|turn|2\n|\n|t:|1788279753\n|switch|p2a: Tornadus|Tornadus-Therian, M|100/100\n|move|p1a: Ting-Lu|Ruination|p2a: Tornadus\n|-damage|p2a: Tornadus|51/100\n|\n|upkeep\n|turn|3\n|\n|t:|1788279758\n|move|p2a: Tornadus|Nasty Plot|p2a: Tornadus\n|-boost|p2a: Tornadus|spa|2\n|move|p1a: Ting-Lu|Payback|p2a: Tornadus\n|-damage|p2a: Tornadus|0 fnt\n|faint|p2a: Tornadus\n|\n|upkeep\n|\n|t:|1788279769\n|switch|p2a: Cinderace|Cinderace, F|100/100\n|turn|4\n|\n|t:|1788279774\n|move|p2a: Cinderace|Will-O-Wisp|p1a: Ting-Lu\n|-status|p1a: Ting-Lu|brn\n|move|p1a: Ting-Lu|Earthquake|p2a: Cinderace\n|-supereffective|p2a: Cinderace\n|-damage|p2a: Cinderace|49/100\n|\n|-damage|p1a: Ting-Lu|94/100 brn|[from] brn\n|upkeep\n|turn|5\n|\n|t:|1788279790\n|switch|p2a: Alomomola|Alomomola, M|100/100\n|move|p1a: Ting-Lu|Stealth Rock|p2a: Alomomola\n|-sidestart|p2: Zuifeng|move: Stealth Rock\n|\n|-damage|p1a: Ting-Lu|88/100 brn|[from] brn\n|upkeep\n|turn|6\n|\n|t:|1788279802\n|move|p2a: Alomomola|Flip Turn|p1a: Ting-Lu\n|-supereffective|p1a: Ting-Lu\n|-damage|p1a: Ting-Lu|70/100 brn\n|-enditem|p1a: Ting-Lu|Weakness Policy\n|-boost|p1a: Ting-Lu|atk|2|[from] item: Weakness Policy\n|-boost|p1a: Ting-Lu|spa|2|[from] item: Weakness Policy\n|\n|t:|1788279804\n|switch|p2a: Great Tusk|Great Tusk|100/100|[from] Flip Turn\n|move|p1a: Ting-Lu|Ruination|p2a: Great Tusk\n|-damage|p2a: Great Tusk|51/100\n|\n|-damage|p1a: Ting-Lu|64/100 brn|[from] brn\n|upkeep\n|turn|7\n|\n|t:|1788279809\n|switch|p1a: Gholdengo|Gholdengo|100/100\n|-item|p1a: Gholdengo|Air Balloon\n|move|p2a: Great Tusk|Rapid Spin|p1a: Gholdengo\n|-immune|p1a: Gholdengo\n|\n|upkeep\n|turn|8\n|\n|t:|1788279818\n|-end|p2a: Great Tusk|Protosynthesis|[silent]\n|switch|p2a: Alomomola|Alomomola, M|100/100\n|-damage|p2a: Alomomola|88/100|[from] Stealth Rock\n|move|p1a: Gholdengo|Shadow Ball|p2a: Alomomola\n|-damage|p2a: Alomomola|66/100\n|\n|upkeep\n|turn|9\n|\n|t:|1788279823\n|switch|p1a: Ogerpon|Ogerpon-Wellspring, F|100/100\n|switch|p2a: Cinderace|Cinderace, F|49/100\n|\n|upkeep\n|turn|10\n|\n|t:|1788279833\n|move|p2a: Cinderace|Court Change|p2a: Cinderace\n|-swapsideconditions\n|-activate|p2a: Cinderace|move: Court Change\n|move|p1a: Ogerpon|Ivy Cudgel|p2a: Cinderace|[anim] Ivy Cudgel Water\n|-supereffective|p2a: Cinderace\n|-damage|p2a: Cinderace|0 fnt\n|faint|p2a: Cinderace\n|\n|upkeep\n|\n|t:|1788279835\n|switch|p2a: Dragapult|Dragapult, M|100/100\n|turn|11\n|\n|t:|1788279843\n|switch|p1a: Ting-Lu|Ting-Lu|64/100 brn\n|-damage|p1a: Ting-Lu|58/100 brn|[from] Stealth Rock\n|-ability|p1a: Ting-Lu|Vessel of Ruin\n|move|p2a: Dragapult|U-turn|p1a: Ting-Lu\n|-supereffective|p1a: Ting-Lu\n|-damage|p1a: Ting-Lu|19/100 brn\n|j| cityfolk\n|\n|t:|1788279847\n|switch|p2a: Great Tusk|Great Tusk|51/100|[from] U-turn\n|\n|-damage|p1a: Ting-Lu|13/100 brn|[from] brn\n|upkeep\n|turn|12\n|\n|t:|1788279854\n|move|p2a: Great Tusk|Rapid Spin|p1a: Ting-Lu\n|-damage|p1a: Ting-Lu|3/100 brn\n|-boost|p2a: Great Tusk|spe|1\n|move|p1a: Ting-Lu|Stealth Rock|p2a: Great Tusk\n|-sidestart|p2: Zuifeng|move: Stealth Rock\n|\n|-damage|p1a: Ting-Lu|0 fnt|[from] brn\n|faint|p1a: Ting-Lu\n|upkeep\n|\n|t:|1788279861\n|switch|p1a: Ogerpon|Ogerpon-Wellspring, F|100/100\n|-damage|p1a: Ogerpon|88/100|[from] Stealth Rock\n|turn|13\n|\n|t:|1788279870\n|move|p2a: Great Tusk|Rapid Spin|p1a: Ogerpon\n|-damage|p1a: Ogerpon|66/100\n|-boost|p2a: Great Tusk|spe|1\n|-sideend|p2: Zuifeng|Stealth Rock|[from] move: Rapid Spin|[of] p2a: Great Tusk\n|move|p1a: Ogerpon|Ivy Cudgel|p2a: Great Tusk|[anim] Ivy Cudgel Water\n|-supereffective|p2a: Great Tusk\n|-damage|p2a: Great Tusk|0 fnt\n|faint|p2a: Great Tusk\n|-end|p2a: Great Tusk|Protosynthesis|[silent]\n|\n|upkeep\n|\n|t:|1788279873\n|switch|p2a: Dragapult|Dragapult, M|100/100\n|turn|14\n|\n|t:|1788279883\n|switch|p1a: Iron Moth|Iron Moth|100/100\n|-damage|p1a: Iron Moth|76/100|[from] Stealth Rock\n|-enditem|p1a: Iron Moth|Booster Energy\n|-activate|p1a: Iron Moth|ability: Quark Drive|[fromitem]\n|-start|p1a: Iron Moth|quarkdrivespe\n|move|p2a: Dragapult|U-turn|p1a: Iron Moth\n|-resisted|p1a: Iron Moth\n|-damage|p1a: Iron Moth|64/100\n|\n|t:|1788279890\n|switch|p2a: Alomomola|Alomomola, M|99/100|[from] U-turn\n|\n|upkeep\n|turn|15\n|\n|t:|1788279895\n|move|p1a: Iron Moth|Toxic Spikes|p2a: Alomomola\n|-sidestart|p2: Zuifeng|move: Toxic Spikes\n|move|p2a: Alomomola|Flip Turn|p1a: Iron Moth\n|-supereffective|p1a: Iron Moth\n|-damage|p1a: Iron Moth|18/100\n|\n|t:|1788279897\n|switch|p2a: Slowking|Slowking-Galar, F|100/100|[from] Flip Turn\n|-sideend|p2: Zuifeng|move: Toxic Spikes|[of] p2a: Slowking\n|\n|upkeep\n|turn|16\n|\n|t:|1788279906\n|switch|p2a: Alomomola|Alomomola, M|100/100\n|move|p1a: Iron Moth|Toxic Spikes|p2a: Alomomola\n|-sidestart|p2: Zuifeng|move: Toxic Spikes\n|\n|upkeep\n|turn|17\n|\n|t:|1788279914\n|-end|p1a: Iron Moth|Quark Drive|[silent]\n|switch|p1a: Ogerpon|Ogerpon-Wellspring, F|66/100\n|-damage|p1a: Ogerpon|54/100|[from] Stealth Rock\n|switch|p2a: Slowking|Slowking-Galar, F|100/100\n|-sideend|p2: Zuifeng|move: Toxic Spikes|[of] p2a: Slowking\n|\n|upkeep\n|turn|18\n|\n|t:|1788279925\n|switch|p1a: Iron Moth|Iron Moth|18/100\n|-damage|p1a: Iron Moth|0 fnt|[from] Stealth Rock\n|faint|p1a: Iron Moth\n|-end|p1a: Iron Moth|Quark Drive|[silent]\n|-prepare|p2a: Slowking|Chilly Reception|[premajor]\n|move|p2a: Slowking|Chilly Reception|p2a: Slowking\n|-weather|Snowscape\n|\n|t:|1788279930\n|switch|p2a: Dragapult|Dragapult, M|100/100|[from] Chilly Reception\n|\n|-weather|Snowscape|[upkeep]\n|upkeep\n|\n|t:|1788279936\n|switch|p1a: Gholdengo|Gholdengo|100/100\n|-damage|p1a: Gholdengo|94/100|[from] Stealth Rock\n|-item|p1a: Gholdengo|Air Balloon\n|turn|19\n|\n|t:|1788279944\n|move|p2a: Dragapult|U-turn|p1a: Gholdengo\n|-resisted|p1a: Gholdengo\n|-damage|p1a: Gholdengo|84/100\n|-enditem|p1a: Gholdengo|Air Balloon\n|\n|t:|1788279947\n|switch|p2a: Alomomola|Alomomola, M|100/100|[from] U-turn\n|move|p1a: Gholdengo|Nasty Plot|p1a: Gholdengo\n|-boost|p1a: Gholdengo|spa|2\n|\n|-weather|Snowscape|[upkeep]\n|upkeep\n|turn|20\n|\n|t:|1788279959\n|move|p1a: Gholdengo|Psyshock|p2a: Alomomola\n|-damage|p2a: Alomomola|59/100\n|move|p2a: Alomomola|Flip Turn|p1a: Gholdengo\n|-damage|p1a: Gholdengo|64/100\n|\n|t:|1788279963\n|switch|p2a: Dragapult|Dragapult, M|100/100|[from] Flip Turn\n|\n|-weather|Snowscape|[upkeep]\n|upkeep\n|turn|21\n|\n|t:|1788279973\n|move|p2a: Dragapult|U-turn|p1a: Gholdengo\n|-resisted|p1a: Gholdengo\n|-damage|p1a: Gholdengo|54/100\n|\n|t:|1788279976\n|switch|p2a: Alomomola|Alomomola, M|93/100|[from] U-turn\n|move|p1a: Gholdengo|Shadow Ball|p2a: Alomomola\n|-damage|p2a: Alomomola|54/100\n|\n|-weather|Snowscape|[upkeep]\n|upkeep\n|turn|22\n|\n|t:|1788279982\n|move|p1a: Gholdengo|Shadow Ball|p2a: Alomomola\n|-damage|p2a: Alomomola|16/100\n|move|p2a: Alomomola|Flip Turn|p1a: Gholdengo\n|-damage|p1a: Gholdengo|35/100\n|\n|t:|1788279985\n|switch|p2a: Dragapult|Dragapult, M|100/100|[from] Flip Turn\n|\n|-weather|none\n|upkeep\n|turn|23\n|\n|t:|1788279987\n|move|p2a: Dragapult|Dragon Darts|p1a: Gholdengo\n|-resisted|p1a: Gholdengo\n|-damage|p1a: Gholdengo|14/100\n|-anim|p2a: Dragapult|Dragon Darts|p1a: Gholdengo\n|-resisted|p1a: Gholdengo\n|-damage|p1a: Gholdengo|0 fnt\n|faint|p1a: Gholdengo\n|\n|upkeep\n|\n|t:|1788279992\n|switch|p1a: Dragonite|Dragonite, F|100/100\n|turn|24\n|\n|t:|1788280000\n|-terastallize|p1a: Dragonite|Normal\n|move|p2a: Dragapult|Dragon Darts|p1a: Dragonite\n|-damage|p1a: Dragonite|80/100\n|-anim|p2a: Dragapult|Dragon Darts|p1a: Dragonite\n|-damage|p1a: Dragonite|43/100\n|move|p1a: Dragonite|Ice Spinner|p2a: Dragapult\n|-supereffective|p2a: Dragapult\n|-damage|p2a: Dragapult|18/100\n|\n|upkeep\n|turn|25\n|\n|t:|1788280006\n|move|p2a: Dragapult|Dragon Darts|p1a: Dragonite\n|-damage|p1a: Dragonite|3/100\n|-anim|p2a: Dragapult|Dragon Darts|p1a: Dragonite\n|-crit|p1a: Dragonite\n|-damage|p1a: Dragonite|0 fnt\n|faint|p1a: Dragonite\n|\n|upkeep\n|\n|t:|1788280009\n|switch|p1a: Ogerpon|Ogerpon-Wellspring, F|54/100\n|-damage|p1a: Ogerpon|41/100|[from] Stealth Rock\n|turn|26\n|\n|t:|1788280011\n|move|p2a: Dragapult|Dragon Darts|p1a: Ogerpon\n|-damage|p1a: Ogerpon|0 fnt\n|faint|p1a: Ogerpon\n|\n|win|Zuifeng\n|raw|real regals's rating: 1695 &rarr; <strong>1682</strong><br />(-13 for losing)\n|raw|Zuifeng's rating: 1822 &rarr; <strong>1835</strong><br />(+13 for winning)\n|l| cityfolk\n|c|\u2606Zuifeng|gg\n", "uploadtime": 1788280021, "views": "1", "formatid": "gen9ou", "rating": 1682, "private": 0, "password": null}