{"id": "gen9ou-2673883535", "format": "[Gen 9] OU", "players": ["pult master", "anamchara"], "log": "|j|\u2606pult master\n|j|\u2606anamchara\n|t:|1788272758\n|gametype|singles\n|player|p1|pult master|olympia|1433\n|player|p2|anamchara|101|1434\n|gen|9\n|tier|[Gen 9] OU\n|rated|\n|rule|HP Percentage Mod: HP is shown in percentages\n|rule|Endless Battle Clause: Forcing endless battles is banned\n|rule|Species Clause: Limit one of each Pok\u00e9mon\n|rule|OHKO Clause: OHKO moves are banned\n|rule|Evasion Items Clause: Evasion items are banned\n|rule|Evasion Moves Clause: Evasion moves are banned\n|rule|Evasion Abilities Clause: Evasion abilities are banned\n|rule|Sleep Moves Clause: Sleep-inducing moves are banned\n|clearpoke\n|poke|p1|Raging Bolt|\n|poke|p1|Torkoal, F|\n|poke|p1|Slither Wing|\n|poke|p1|Walking Wake|\n|poke|p1|Great Tusk|\n|poke|p1|Hatterene, F|\n|poke|p2|Raging Bolt|\n|poke|p2|Glimmora, F|\n|poke|p2|Skeledirge, F|\n|poke|p2|Meowscarada, F|\n|poke|p2|Samurott-Hisui, M|\n|poke|p2|Landorus-Therian, M|\n|teampreview\n|\n|t:|1788272785\n|teamsize|p1|6\n|teamsize|p2|6\n|start\n|switch|p1a: Walking Wake|Walking Wake|100/100\n|switch|p2a: Glimmora|Glimmora, F|100/100\n|turn|1\n|\n|t:|1788272797\n|switch|p2a: Samurott|Samurott-Hisui, M|100/100\n|move|p1a: Walking Wake|Hydro Steam|p2a: Samurott\n|-resisted|p2a: Samurott\n|-damage|p2a: Samurott|83/100\n|\n|upkeep\n|turn|2\n|\n|t:|1788272837\n|-end|p1a: Walking Wake|Protosynthesis|[silent]\n|switch|p1a: Torkoal|Torkoal, F|100/100\n|-weather|SunnyDay|[from] ability: Drought|[of] p1a: Torkoal\n|move|p2a: Samurott|Ceaseless Edge|p1a: Torkoal\n|-damage|p1a: Torkoal|67/100\n|-sidestart|p1: pult master|Spikes\n|\n|-weather|SunnyDay|[upkeep]\n|upkeep\n|turn|3\n|\n|t:|1788272872\n|switch|p1a: Great Tusk|Great Tusk|100/100\n|-damage|p1a: Great Tusk|88/100|[from] Spikes\n|-activate|p1a: Great Tusk|ability: Protosynthesis\n|-start|p1a: Great Tusk|protosynthesisspe\n|move|p2a: Samurott|Flip Turn|p1a: Great Tusk\n|-supereffective|p1a: Great Tusk\n|-damage|p1a: Great Tusk|70/100\n|\n|t:|1788272884\n|switch|p2a: Landorus|Landorus-Therian, M|100/100|[from] Flip Turn\n|-ability|p2a: Landorus|Intimidate|boost\n|-unboost|p1a: Great Tusk|atk|1\n|\n|-weather|SunnyDay|[upkeep]\n|upkeep\n|turn|4\n|\n|t:|1788272891\n|move|p1a: Great Tusk|Ice Spinner|p2a: Landorus\n|-supereffective|p2a: Landorus\n|-damage|p2a: Landorus|44/100\n|move|p2a: Landorus|Grass Knot|p1a: Great Tusk\n|-supereffective|p1a: Great Tusk\n|-damage|p1a: Great Tusk|0 fnt\n|faint|p1a: Great Tusk\n|-end|p1a: Great Tusk|Protosynthesis|[silent]\n|\n|-weather|SunnyDay|[upkeep]\n|upkeep\n|\n|t:|1788272903\n|switch|p1a: Walking Wake|Walking Wake|100/100\n|-damage|p1a: Walking Wake|88/100|[from] Spikes\n|-activate|p1a: Walking Wake|ability: Protosynthesis\n|-start|p1a: Walking Wake|protosynthesisspe\n|turn|5\n|\n|t:|1788272936\n|switch|p2a: Samurott|Samurott-Hisui, M|83/100\n|-terastallize|p1a: Walking Wake|Water\n|move|p1a: Walking Wake|Hydro Steam|p2a: Samurott\n|-resisted|p2a: Samurott\n|-damage|p2a: Samurott|51/100\n|\n|-weather|SunnyDay|[upkeep]\n|upkeep\n|turn|6\n|\n|t:|1788272945\n|move|p1a: Walking Wake|Draco Meteor|p2a: Samurott\n|-damage|p2a: Samurott|0 fnt\n|-unboost|p1a: Walking Wake|spa|2\n|faint|p2a: Samurott\n|\n|-weather|SunnyDay|[upkeep]\n|upkeep\n|\n|t:|1788272950\n|switch|p2a: Raging Bolt|Raging Bolt|100/100\n|-activate|p2a: Raging Bolt|ability: Protosynthesis\n|-start|p2a: Raging Bolt|protosynthesisspa\n|turn|7\n|\n|t:|1788272960\n|-end|p1a: Walking Wake|Protosynthesis|[silent]\n|switch|p1a: Hatterene|Hatterene, F|100/100\n|-damage|p1a: Hatterene|88/100|[from] Spikes\n|move|p2a: Raging Bolt|Dragon Pulse|p1a: Hatterene\n|-immune|p1a: Hatterene\n|\n|-weather|SunnyDay|[upkeep]\n|upkeep\n|turn|8\n|\n|t:|1788272970\n|move|p2a: Raging Bolt|Thunderbolt|p1a: Hatterene\n|-damage|p1a: Hatterene|0 fnt\n|faint|p1a: Hatterene\n|-damage|p2a: Raging Bolt|91/100|[from] item: Life Orb\n|\n|-weather|SunnyDay|[upkeep]\n|upkeep\n|\n|t:|1788272977\n|switch|p1a: Slither Wing|Slither Wing|100/100\n|-damage|p1a: Slither Wing|88/100|[from] Spikes\n|-activate|p1a: Slither Wing|ability: Protosynthesis\n|-start|p1a: Slither Wing|protosynthesisatk\n|turn|9\n|\n|t:|1788272981\n|move|p1a: Slither Wing|First Impression|p2a: Raging Bolt\n|-damage|p2a: Raging Bolt|43/100\n|move|p2a: Raging Bolt|Thunderbolt|p1a: Slither Wing\n|-damage|p1a: Slither Wing|9/100\n|-damage|p2a: Raging Bolt|33/100|[from] item: Life Orb\n|\n|-weather|none\n|-end|p1a: Slither Wing|Protosynthesis\n|-end|p2a: Raging Bolt|Protosynthesis\n|upkeep\n|turn|10\n|\n|t:|1788272987\n|move|p2a: Raging Bolt|Thunderclap||[still]\n|-fail|p2a: Raging Bolt\n|move|p1a: Slither Wing|Will-O-Wisp|p2a: Raging Bolt\n|-status|p2a: Raging Bolt|brn\n|\n|-damage|p2a: Raging Bolt|27/100 brn|[from] brn\n|upkeep\n|turn|11\n|\n|t:|1788272993\n|move|p1a: Slither Wing|Morning Sun|p1a: Slither Wing\n|-heal|p1a: Slither Wing|59/100\n|move|p2a: Raging Bolt|Volt Switch|p1a: Slither Wing\n|-damage|p1a: Slither Wing|10/100\n|-damage|p2a: Raging Bolt|17/100 brn|[from] item: Life Orb\n|\n|t:|1788273007\n|-end|p2a: Raging Bolt|Protosynthesis|[silent]\n|switch|p2a: Glimmora|Glimmora, F|100/100|[from] Volt Switch\n|\n|upkeep\n|turn|12\n|\n|t:|1788273013\n|-end|p1a: Slither Wing|Protosynthesis|[silent]\n|switch|p1a: Torkoal|Torkoal, F|67/100\n|-damage|p1a: Torkoal|55/100|[from] Spikes\n|-weather|SunnyDay|[from] ability: Drought|[of] p1a: Torkoal\n|move|p2a: Glimmora|Stealth Rock|p1a: Torkoal\n|-sidestart|p1: pult master|move: Stealth Rock\n|\n|-weather|SunnyDay|[upkeep]\n|upkeep\n|turn|13\n|\n|t:|1788273018\n|move|p2a: Glimmora|Power Gem|p1a: Torkoal\n|-supereffective|p1a: Torkoal\n|-damage|p1a: Torkoal|0 fnt\n|faint|p1a: Torkoal\n|-damage|p2a: Glimmora|91/100|[from] item: Life Orb\n|\n|-weather|SunnyDay|[upkeep]\n|upkeep\n|\n|t:|1788273025\n|switch|p1a: Walking Wake|Walking Wake, tera:Water|88/100\n|-damage|p1a: Walking Wake|76/100|[from] Spikes\n|-damage|p1a: Walking Wake|64/100|[from] Stealth Rock\n|-activate|p1a: Walking Wake|ability: Protosynthesis\n|-start|p1a: Walking Wake|protosynthesisspe\n|turn|14\n|\n|t:|1788273044\n|-terastallize|p2a: Glimmora|Grass\n|move|p1a: Walking Wake|Hydro Steam|p2a: Glimmora\n|-resisted|p2a: Glimmora\n|-damage|p2a: Glimmora|38/100\n|move|p2a: Glimmora|Energy Ball|p1a: Walking Wake\n|-supereffective|p1a: Walking Wake\n|-damage|p1a: Walking Wake|0 fnt\n|faint|p1a: Walking Wake\n|-end|p1a: Walking Wake|Protosynthesis|[silent]\n|-damage|p2a: Glimmora|28/100|[from] item: Life Orb\n|\n|-weather|SunnyDay|[upkeep]\n|upkeep\n|\n|t:|1788273052\n|switch|p1a: Raging Bolt|Raging Bolt|100/100\n|-damage|p1a: Raging Bolt|88/100|[from] Spikes\n|-damage|p1a: Raging Bolt|76/100|[from] Stealth Rock\n|-activate|p1a: Raging Bolt|ability: Protosynthesis\n|-start|p1a: Raging Bolt|protosynthesisspa\n|turn|15\n|\n|t:|1788273068\n|move|p2a: Glimmora|Earth Power|p1a: Raging Bolt\n|-supereffective|p1a: Raging Bolt\n|-damage|p1a: Raging Bolt|0 fnt\n|faint|p1a: Raging Bolt\n|-end|p1a: Raging Bolt|Protosynthesis|[silent]\n|-damage|p2a: Glimmora|18/100|[from] item: Life Orb\n|\n|-weather|SunnyDay|[upkeep]\n|upkeep\n|-message|pult master forfeited.\n|\n|win|anamchara\n|raw|pult master's rating: 1433 &rarr; <strong>1411</strong><br />(-22 for losing)\n|raw|anamchara's rating: 1397 &rarr; <strong>1419</strong><br />(+22 for winning)\n|l|\u2606pult master\n|player|p1|\n|l|\u2606anamchara\n|player|p2|\n", "uploadtime": 1788273248, "views": "0", "formatid": "gen9ou", "rating": 1411, "private": 0, "password": null}