{"id": "gen9ou-2674028223", "format": "[Gen 9] OU", "players": ["GuduleLebrave", "Saints or Villain"], "log": "|j|\u2606GuduleLebrave\n|j|\u2606Saints or Villain\n|t:|1788289997\n|gametype|singles\n|player|p1|GuduleLebrave|101|1388\n|player|p2|Saints or Villain|hugh|1342\n|gen|9\n|tier|[Gen 9] OU\n|rated|\n|rule|HP Percentage Mod: HP is shown in percentages\n|rule|Endless Battle Clause: Forcing endless battles is banned\n|rule|Species Clause: Limit one of each Pok\u00e9mon\n|rule|OHKO Clause: OHKO moves are banned\n|rule|Evasion Items Clause: Evasion items are banned\n|rule|Evasion Moves Clause: Evasion moves are banned\n|rule|Evasion Abilities Clause: Evasion abilities are banned\n|rule|Sleep Moves Clause: Sleep-inducing moves are banned\n|clearpoke\n|poke|p1|Charizard, F|\n|poke|p1|Arcanine, F|\n|poke|p1|Flygon, M|\n|poke|p1|Ninetales, F|\n|poke|p1|Walking Wake|\n|poke|p1|Great Tusk|\n|poke|p2|Excadrill, F|\n|poke|p2|Tyranitar, F|\n|poke|p2|Garganacl, F|\n|poke|p2|Skarmory, F|\n|poke|p2|Dragapult, F|\n|poke|p2|Alomomola, F|\n|teampreview\n|inactive|Battle timer is ON: inactive players will automatically lose when time's up. (requested by GuduleLebrave)\n|\n|t:|1788290021\n|teamsize|p1|6\n|teamsize|p2|6\n|start\n|switch|p1a: Sunlight|Ninetales, F|100/100\n|switch|p2a: Tyranitar|Tyranitar, F, shiny|100/100\n|-weather|SunnyDay|[from] ability: Drought|[of] p1a: Sunlight\n|-weather|Sandstorm|[from] ability: Sand Stream|[of] p2a: Tyranitar\n|turn|1\n|\n|t:|1788290051\n|switch|p1a: Great Tusk|Great Tusk|100/100\n|move|p2a: Tyranitar|Stealth Rock|p1a: Great Tusk\n|-sidestart|p1: GuduleLebrave|move: Stealth Rock\n|\n|-weather|Sandstorm|[upkeep]\n|upkeep\n|turn|2\n|\n|t:|1788290057\n|switch|p2a: Alomomola|Alomomola, F, shiny|100/100\n|move|p1a: Great Tusk|Headlong Rush|p2a: Alomomola\n|-damage|p2a: Alomomola|62/100\n|-unboost|p1a: Great Tusk|def|1\n|-unboost|p1a: Great Tusk|spd|1\n|\n|-weather|Sandstorm|[upkeep]\n|-damage|p2a: Alomomola|56/100|[from] Sandstorm\n|upkeep\n|turn|3\n|\n|t:|1788290062\n|move|p1a: Great Tusk|Ice Spinner|p2a: Alomomola\n|-resisted|p2a: Alomomola\n|-damage|p2a: Alomomola|47/100\n|move|p2a: Alomomola|Flip Turn|p1a: Great Tusk\n|-supereffective|p1a: Great Tusk\n|-damage|p1a: Great Tusk|63/100\n|\n|t:|1788290070\n|switch|p2a: Skarmory|Skarmory, F, shiny|100/100|[from] Flip Turn\n|\n|-weather|Sandstorm|[upkeep]\n|upkeep\n|turn|4\n|\n|t:|1788290083\n|move|p1a: Great Tusk|Rapid Spin|p2a: Skarmory\n|-resisted|p2a: Skarmory\n|-damage|p2a: Skarmory|95/100\n|-boost|p1a: Great Tusk|spe|1\n|-damage|p1a: Great Tusk|47/100|[from] item: Rocky Helmet|[of] p2a: Skarmory\n|-sideend|p1: GuduleLebrave|Stealth Rock|[from] move: Rapid Spin|[of] p1a: Great Tusk\n|move|p2a: Skarmory|Spikes|p1a: Great Tusk\n|-sidestart|p1: GuduleLebrave|Spikes\n|\n|-weather|Sandstorm|[upkeep]\n|upkeep\n|turn|5\n|\n|t:|1788290089\n|-end|p1a: Great Tusk|Protosynthesis|[silent]\n|switch|p1a: Sunlight|Ninetales, F|100/100\n|-damage|p1a: Sunlight|88/100|[from] Spikes\n|-weather|SunnyDay|[from] ability: Drought|[of] p1a: Sunlight\n|move|p2a: Skarmory|Body Press|p1a: Sunlight\n|-damage|p1a: Sunlight|45/100\n|\n|-weather|SunnyDay|[upkeep]\n|upkeep\n|turn|6\n|\n|t:|1788290100\n|switch|p1a: Gromoustik|Flygon, M|100/100\n|switch|p2a: Tyranitar|Tyranitar, F, shiny|100/100\n|-weather|Sandstorm|[from] ability: Sand Stream|[of] p2a: Tyranitar\n|\n|-weather|Sandstorm|[upkeep]\n|upkeep\n|turn|7\n|\n|t:|1788290108\n|switch|p2a: Skarmory|Skarmory, F, shiny|95/100\n|move|p1a: Gromoustik|First Impression|p2a: Skarmory\n|-resisted|p2a: Skarmory\n|-damage|p2a: Skarmory|91/100\n|-damage|p1a: Gromoustik|84/100|[from] item: Rocky Helmet|[of] p2a: Skarmory\n|\n|-weather|Sandstorm|[upkeep]\n|upkeep\n|turn|8\n|\n|t:|1788290114\n|switch|p1a: Zekkenia|Charizard, F|100/100\n|move|p2a: Skarmory|Spikes|p1a: Zekkenia\n|-sidestart|p1: GuduleLebrave|Spikes\n|\n|-weather|Sandstorm|[upkeep]\n|-damage|p1a: Zekkenia|94/100|[from] Sandstorm\n|upkeep\n|turn|9\n|\n|t:|1788290119\n|switch|p2a: Alomomola|Alomomola, F, shiny|81/100\n|move|p1a: Zekkenia|Fire Blast|p2a: Alomomola\n|-resisted|p2a: Alomomola\n|-damage|p2a: Alomomola|48/100\n|\n|-weather|Sandstorm|[upkeep]\n|-damage|p1a: Zekkenia|88/100|[from] Sandstorm\n|-damage|p2a: Alomomola|42/100|[from] Sandstorm\n|upkeep\n|turn|10\n|\n|t:|1788290128\n|switch|p1a: Sunlight|Ninetales, F|45/100\n|-damage|p1a: Sunlight|28/100|[from] Spikes\n|-weather|SunnyDay|[from] ability: Drought|[of] p1a: Sunlight\n|move|p2a: Alomomola|Flip Turn|p1a: Sunlight\n|-supereffective|p1a: Sunlight\n|-damage|p1a: Sunlight|5/100\n|\n|t:|1788290132\n|switch|p2a: Tyranitar|Tyranitar, F, shiny|100/100|[from] Flip Turn\n|-weather|Sandstorm|[from] ability: Sand Stream|[of] p2a: Tyranitar\n|\n|-weather|Sandstorm|[upkeep]\n|-damage|p1a: Sunlight|0 fnt|[from] Sandstorm\n|faint|p1a: Sunlight\n|upkeep\n|\n|t:|1788290136\n|switch|p1a: Great Tusk|Great Tusk|47/100\n|turn|11\n|\n|t:|1788290144\n|switch|p2a: Skarmory|Skarmory, F, shiny|91/100\n|move|p1a: Great Tusk|Rapid Spin|p2a: Skarmory\n|-resisted|p2a: Skarmory\n|-crit|p2a: Skarmory\n|-damage|p2a: Skarmory|82/100\n|-boost|p1a: Great Tusk|spe|1\n|-damage|p1a: Great Tusk|30/100|[from] item: Rocky Helmet|[of] p2a: Skarmory\n|-sideend|p1: GuduleLebrave|Spikes|[from] move: Rapid Spin|[of] p1a: Great Tusk\n|\n|-weather|Sandstorm|[upkeep]\n|upkeep\n|turn|12\n|\n|t:|1788290155\n|-end|p1a: Great Tusk|Protosynthesis|[silent]\n|switch|p1a: Decaninos|Arcanine, F|100/100\n|-ability|p1a: Decaninos|Intimidate|boost\n|-unboost|p2a: Skarmory|atk|1\n|move|p2a: Skarmory|Body Press|p1a: Decaninos\n|-damage|p1a: Decaninos|67/100\n|\n|-weather|Sandstorm|[upkeep]\n|-damage|p1a: Decaninos|61/100|[from] Sandstorm\n|-heal|p1a: Decaninos|67/100|[from] item: Leftovers\n|upkeep\n|turn|13\n|\n|t:|1788290172\n|switch|p2a: Tyranitar|Tyranitar, F, shiny|100/100\n|move|p1a: Decaninos|Curse|p1a: Decaninos\n|-unboost|p1a: Decaninos|spe|1\n|-boost|p1a: Decaninos|atk|1\n|-boost|p1a: Decaninos|def|1\n|\n|-weather|Sandstorm|[upkeep]\n|-damage|p1a: Decaninos|61/100|[from] Sandstorm\n|-heal|p1a: Decaninos|67/100|[from] item: Leftovers\n|upkeep\n|turn|14\n|\n|t:|1788290177\n|move|p2a: Tyranitar|Thunder Wave|p1a: Decaninos\n|-status|p1a: Decaninos|par\n|move|p1a: Decaninos|Curse|p1a: Decaninos\n|-unboost|p1a: Decaninos|spe|1\n|-boost|p1a: Decaninos|atk|1\n|-boost|p1a: Decaninos|def|1\n|\n|-weather|none\n|-heal|p1a: Decaninos|74/100 par|[from] item: Leftovers\n|upkeep\n|turn|15\n|\n|t:|1788290187\n|move|p2a: Tyranitar|Stealth Rock|p1a: Decaninos\n|-sidestart|p1: GuduleLebrave|move: Stealth Rock\n|move|p1a: Decaninos|Curse|p1a: Decaninos\n|-unboost|p1a: Decaninos|spe|1\n|-boost|p1a: Decaninos|atk|1\n|-boost|p1a: Decaninos|def|1\n|\n|-heal|p1a: Decaninos|80/100 par|[from] item: Leftovers\n|upkeep\n|turn|16\n|\n|t:|1788290191\n|move|p2a: Tyranitar|Knock Off|p1a: Decaninos\n|-damage|p1a: Decaninos|63/100 par\n|-enditem|p1a: Decaninos|Leftovers|[from] move: Knock Off|[of] p2a: Tyranitar\n|move|p1a: Decaninos|Curse|p1a: Decaninos\n|-unboost|p1a: Decaninos|spe|1\n|-boost|p1a: Decaninos|atk|1\n|-boost|p1a: Decaninos|def|1\n|\n|upkeep\n|turn|17\n|\n|t:|1788290193\n|move|p1a: Decaninos|Curse|p1a: Decaninos\n|-unboost|p1a: Decaninos|spe|1\n|-boost|p1a: Decaninos|atk|1\n|-boost|p1a: Decaninos|def|1\n|move|p2a: Tyranitar|Roar|p1a: Decaninos\n|drag|p1a: Gromoustik|Flygon, M|84/100\n|-damage|p1a: Gromoustik|78/100|[from] Stealth Rock\n|\n|upkeep\n|turn|18\n|\n|t:|1788290201\n|switch|p2a: Skarmory|Skarmory, F, shiny|82/100\n|move|p1a: Gromoustik|Earthquake|p2a: Skarmory\n|-immune|p2a: Skarmory\n|\n|upkeep\n|turn|19\n|-message|GuduleLebrave forfeited.\n|\n|win|Saints or Villain\n|raw|GuduleLebrave's rating: 1388 &rarr; <strong>1365</strong><br />(-23 for losing)\n|raw|Saints or Villain's rating: 1342 &rarr; <strong>1365</strong><br />(+23 for winning)\n|l|\u2606GuduleLebrave\n|player|p1|\n", "uploadtime": 1788290210, "views": "4", "formatid": "gen9ou", "rating": 1365, "private": 0, "password": null}