{"id": "gen9ou-2674006410", "format": "[Gen 9] OU", "players": ["Prav33n", "kangarooteam1"], "log": "|j|\u2606Prav33n\n|j|\u2606kangarooteam1\n|t:|1788287397\n|gametype|singles\n|player|p1|Prav33n|koga|1585\n|player|p2|kangarooteam1|1|1659\n|gen|9\n|tier|[Gen 9] OU\n|rated|\n|rule|HP Percentage Mod: HP is shown in percentages\n|rule|Endless Battle Clause: Forcing endless battles is banned\n|rule|Species Clause: Limit one of each Pok\u00e9mon\n|rule|OHKO Clause: OHKO moves are banned\n|rule|Evasion Items Clause: Evasion items are banned\n|rule|Evasion Moves Clause: Evasion moves are banned\n|rule|Evasion Abilities Clause: Evasion abilities are banned\n|rule|Sleep Moves Clause: Sleep-inducing moves are banned\n|clearpoke\n|poke|p1|Samurott-Hisui, F|\n|poke|p1|Gholdengo|\n|poke|p1|Gliscor, F|\n|poke|p1|Zamazenta-*|\n|poke|p1|Kyurem|\n|poke|p1|Glimmora, F|\n|poke|p2|Great Tusk|\n|poke|p2|Gholdengo|\n|poke|p2|Raging Bolt|\n|poke|p2|Iron Valiant|\n|poke|p2|Ogerpon-Wellspring, F|\n|poke|p2|Kingambit, M|\n|teampreview\n|inactive|Battle timer is ON: inactive players will automatically lose when time's up. (requested by kangarooteam1)\n|\n|t:|1788287406\n|teamsize|p1|6\n|teamsize|p2|6\n|start\n|switch|p1a: Kyurem|Kyurem, shiny|100/100\n|switch|p2a: Raging Bolt|Raging Bolt|100/100\n|-ability|p1a: Kyurem|Pressure\n|turn|1\n|\n|t:|1788287409\n|-terastallize|p2a: Raging Bolt|Fairy\n|move|p1a: Kyurem|Ice Beam|p2a: Raging Bolt\n|-damage|p2a: Raging Bolt|63/100\n|move|p2a: Raging Bolt|Dragon Pulse|p1a: Kyurem\n|-supereffective|p1a: Kyurem\n|-damage|p1a: Kyurem|45/100\n|\n|-heal|p2a: Raging Bolt|69/100|[from] item: Leftovers\n|upkeep\n|turn|2\n|\n|t:|1788287416\n|move|p1a: Kyurem|Ice Beam|p2a: Raging Bolt\n|-damage|p2a: Raging Bolt|28/100\n|move|p2a: Raging Bolt|Dragon Pulse|p1a: Kyurem\n|-supereffective|p1a: Kyurem\n|-damage|p1a: Kyurem|0 fnt\n|faint|p1a: Kyurem\n|\n|-heal|p2a: Raging Bolt|34/100|[from] item: Leftovers\n|upkeep\n|\n|t:|1788287427\n|switch|p1a: Gholdengo|Gholdengo|100/100\n|turn|3\n|\n|t:|1788287429\n|move|p2a: Raging Bolt|Thunderclap|p1a: Gholdengo\n|-damage|p1a: Gholdengo|50/100\n|move|p1a: Gholdengo|Make It Rain|p2a: Raging Bolt\n|-supereffective|p2a: Raging Bolt\n|-damage|p2a: Raging Bolt|0 fnt\n|-unboost|p1a: Gholdengo|spa|1\n|faint|p2a: Raging Bolt\n|-end|p2a: Raging Bolt|Protosynthesis|[silent]\n|\n|upkeep\n|\n|t:|1788287430\n|switch|p2a: Ogerpon|Ogerpon-Wellspring, F|100/100\n|turn|4\n|\n|t:|1788287432\n|switch|p1a: Glimmora|Glimmora, F|100/100\n|move|p2a: Ogerpon|Ivy Cudgel|p1a: Glimmora|[anim] Ivy Cudgel Water\n|-supereffective|p1a: Glimmora\n|-damage|p1a: Glimmora|5/100\n|-activate|p1a: Glimmora|ability: Toxic Debris\n|-sidestart|p2: kangarooteam1|move: Toxic Spikes\n|-enditem|p1a: Glimmora|Red Card|[of] p2a: Ogerpon\n|drag|p2a: Iron Valiant|Iron Valiant|100/100\n|-status|p2a: Iron Valiant|psn\n|-enditem|p2a: Iron Valiant|Booster Energy\n|-activate|p2a: Iron Valiant|ability: Quark Drive|[fromitem]\n|-start|p2a: Iron Valiant|quarkdrivespe\n|\n|-damage|p2a: Iron Valiant|88/100 psn|[from] psn\n|upkeep\n|turn|5\n|\n|t:|1788287435\n|move|p2a: Iron Valiant|Moonblast|p1a: Glimmora\n|-resisted|p1a: Glimmora\n|-damage|p1a: Glimmora|0 fnt\n|faint|p1a: Glimmora\n|\n|-damage|p2a: Iron Valiant|76/100 psn|[from] psn\n|upkeep\n|\n|t:|1788287437\n|switch|p1a: Gholdengo|Gholdengo|50/100\n|turn|6\n|\n|t:|1788287439\n|-end|p2a: Iron Valiant|Quark Drive|[silent]\n|switch|p2a: Kingambit|Kingambit, M|100/100\n|-activate|p2a: Kingambit|ability: Supreme Overlord\n|-start|p2a: Kingambit|fallen1|[silent]\n|move|p1a: Gholdengo|Make It Rain|p2a: Kingambit\n|-resisted|p2a: Kingambit\n|-damage|p2a: Kingambit|67/100\n|-unboost|p1a: Gholdengo|spa|1\n|\n|-heal|p2a: Kingambit|74/100|[from] item: Leftovers\n|upkeep\n|turn|7\n|j| gaze of timaeus\n|\n|t:|1788287443\n|switch|p1a: Zamazenta|Zamazenta|100/100\n|-ability|p1a: Zamazenta|Dauntless Shield|boost\n|-boost|p1a: Zamazenta|def|1\n|move|p2a: Kingambit|Iron Head|p1a: Zamazenta\n|-damage|p1a: Zamazenta|75/100\n|\n|-heal|p1a: Zamazenta|81/100|[from] item: Leftovers\n|-heal|p2a: Kingambit|80/100|[from] item: Leftovers\n|upkeep\n|turn|8\n|\n|t:|1788287445\n|-end|p2a: Kingambit|fallen1|[silent]\n|switch|p2a: Gholdengo|Gholdengo|100/100\n|-item|p2a: Gholdengo|Air Balloon\n|move|p1a: Zamazenta|Crunch|p2a: Gholdengo\n|-supereffective|p2a: Gholdengo\n|-damage|p2a: Gholdengo|51/100\n|-enditem|p2a: Gholdengo|Air Balloon\n|\n|-heal|p1a: Zamazenta|87/100|[from] item: Leftovers\n|upkeep\n|turn|9\n|\n|t:|1788287450\n|switch|p1a: Samurott|Samurott-Hisui, F|100/100\n|switch|p2a: Great Tusk|Great Tusk|100/100\n|-status|p2a: Great Tusk|psn\n|\n|-damage|p2a: Great Tusk|88/100 psn|[from] psn\n|upkeep\n|turn|10\n|\n|t:|1788287453\n|move|p1a: Samurott|Flip Turn|p2a: Great Tusk\n|-supereffective|p2a: Great Tusk\n|-damage|p2a: Great Tusk|57/100 psn\n|\n|t:|1788287454\n|switch|p1a: Gholdengo|Gholdengo|50/100|[from] Flip Turn\n|move|p2a: Great Tusk|Rapid Spin|p1a: Gholdengo\n|-immune|p1a: Gholdengo\n|\n|-heal|p2a: Great Tusk|63/100 psn|[from] item: Leftovers\n|-damage|p2a: Great Tusk|51/100 psn|[from] psn\n|upkeep\n|turn|11\n|\n|t:|1788287458\n|switch|p1a: Gliscor|Gliscor, F|100/100\n|-end|p2a: Great Tusk|Protosynthesis|[silent]\n|switch|p2a: Kingambit|Kingambit, M|80/100\n|-activate|p2a: Kingambit|ability: Supreme Overlord\n|-start|p2a: Kingambit|fallen1|[silent]\n|\n|-heal|p2a: Kingambit|86/100|[from] item: Leftovers\n|-status|p1a: Gliscor|tox|[from] item: Toxic Orb\n|upkeep\n|turn|12\n|\n|t:|1788287465\n|switch|p1a: Zamazenta|Zamazenta|87/100\n|move|p2a: Kingambit|Iron Head|p1a: Zamazenta\n|-damage|p1a: Zamazenta|47/100\n|\n|-heal|p1a: Zamazenta|53/100|[from] item: Leftovers\n|-heal|p2a: Kingambit|92/100|[from] item: Leftovers\n|upkeep\n|turn|13\n|c| gaze of timaeus|you are cooking this bot\n|\n|t:|1788287474\n|-end|p2a: Kingambit|fallen1|[silent]\n|switch|p2a: Iron Valiant|Iron Valiant|76/100 psn\n|move|p1a: Zamazenta|Iron Defense|p1a: Zamazenta\n|-boost|p1a: Zamazenta|def|2\n|\n|-heal|p1a: Zamazenta|59/100|[from] item: Leftovers\n|-damage|p2a: Iron Valiant|63/100 psn|[from] psn\n|upkeep\n|turn|14\n|\n|t:|1788287493\n|-terastallize|p1a: Zamazenta|Fire\n|move|p1a: Zamazenta|Iron Defense|p1a: Zamazenta\n|-boost|p1a: Zamazenta|def|2\n|move|p2a: Iron Valiant|Moonblast|p1a: Zamazenta\n|-resisted|p1a: Zamazenta\n|-damage|p1a: Zamazenta|36/100\n|\n|-heal|p1a: Zamazenta|43/100|[from] item: Leftovers\n|-damage|p2a: Iron Valiant|51/100 psn|[from] psn\n|upkeep\n|turn|15\n|\n|t:|1788287497\n|-end|p2a: Iron Valiant|Quark Drive|[silent]\n|switch|p2a: Gholdengo|Gholdengo|51/100\n|move|p1a: Zamazenta|Body Press|p2a: Gholdengo\n|-immune|p2a: Gholdengo\n|\n|-heal|p1a: Zamazenta|49/100|[from] item: Leftovers\n|upkeep\n|turn|16\n|\n|t:|1788287502\n|switch|p1a: Samurott|Samurott-Hisui, F|100/100\n|switch|p2a: Great Tusk|Great Tusk|51/100 psn\n|\n|-heal|p2a: Great Tusk|57/100 psn|[from] item: Leftovers\n|-damage|p2a: Great Tusk|45/100 psn|[from] psn\n|upkeep\n|turn|17\n|\n|t:|1788287505\n|move|p1a: Samurott|Razor Shell|p2a: Great Tusk\n|-supereffective|p2a: Great Tusk\n|-damage|p2a: Great Tusk|0 fnt\n|faint|p2a: Great Tusk\n|-end|p2a: Great Tusk|Protosynthesis|[silent]\n|\n|upkeep\n|\n|t:|1788287507\n|switch|p2a: Ogerpon|Ogerpon-Wellspring, F|100/100\n|-status|p2a: Ogerpon|psn\n|turn|18\n|\n|t:|1788287513\n|switch|p1a: Gholdengo|Gholdengo|50/100\n|move|p2a: Ogerpon|Ivy Cudgel|p1a: Gholdengo|[anim] Ivy Cudgel Water\n|-damage|p1a: Gholdengo|0 fnt\n|faint|p1a: Gholdengo\n|\n|-damage|p2a: Ogerpon|88/100 psn|[from] psn\n|upkeep\n|\n|t:|1788287515\n|switch|p1a: Samurott|Samurott-Hisui, F|100/100\n|turn|19\n|\n|t:|1788287516\n|move|p1a: Samurott|Ceaseless Edge|p2a: Ogerpon\n|-crit|p2a: Ogerpon\n|-damage|p2a: Ogerpon|5/100 psn\n|-sidestart|p2: kangarooteam1|Spikes\n|move|p2a: Ogerpon|Horn Leech|p1a: Samurott\n|-supereffective|p1a: Samurott\n|-damage|p1a: Samurott|0 fnt\n|-heal|p2a: Ogerpon|59/100 psn|[from] drain|[of] p1a: Samurott\n|faint|p1a: Samurott\n|\n|-damage|p2a: Ogerpon|46/100 psn|[from] psn\n|upkeep\n|\n|t:|1788287518\n|switch|p1a: Zamazenta|Zamazenta, tera:Fire|49/100\n|turn|20\n|\n|t:|1788287520\n|move|p1a: Zamazenta|Body Press|p2a: Ogerpon\n|-damage|p2a: Ogerpon|0 fnt\n|faint|p2a: Ogerpon\n|\n|-heal|p1a: Zamazenta|55/100|[from] item: Leftovers\n|upkeep\n|\n|t:|1788287521\n|switch|p2a: Iron Valiant|Iron Valiant|51/100 psn\n|-damage|p2a: Iron Valiant|38/100 psn|[from] Spikes\n|turn|21\n|\n|t:|1788287524\n|move|p1a: Zamazenta|Iron Defense|p1a: Zamazenta\n|-boost|p1a: Zamazenta|def|2\n|move|p2a: Iron Valiant|Encore|p1a: Zamazenta\n|-start|p1a: Zamazenta|Encore\n|\n|-heal|p1a: Zamazenta|61/100|[from] item: Leftovers\n|-damage|p2a: Iron Valiant|26/100 psn|[from] psn\n|upkeep\n|turn|22\n|\n|t:|1788287526\n|move|p1a: Zamazenta|Iron Defense|p1a: Zamazenta\n|-boost|p1a: Zamazenta|def|2\n|move|p2a: Iron Valiant|Moonblast|p1a: Zamazenta\n|-resisted|p1a: Zamazenta\n|-damage|p1a: Zamazenta|38/100\n|-unboost|p1a: Zamazenta|spa|1\n|\n|-heal|p1a: Zamazenta|44/100|[from] item: Leftovers\n|-damage|p2a: Iron Valiant|13/100 psn|[from] psn\n|upkeep\n|turn|23\n|\n|t:|1788287530\n|move|p1a: Zamazenta|Iron Defense|p1a: Zamazenta\n|-boost|p1a: Zamazenta|def|2\n|move|p2a: Iron Valiant|Moonblast|p1a: Zamazenta\n|-resisted|p1a: Zamazenta\n|-damage|p1a: Zamazenta|23/100\n|-unboost|p1a: Zamazenta|spa|1\n|\n|-heal|p1a: Zamazenta|29/100|[from] item: Leftovers\n|-damage|p2a: Iron Valiant|1/100 psn|[from] psn\n|upkeep\n|turn|24\n|\n|t:|1788287532\n|move|p1a: Zamazenta|Iron Defense|p1a: Zamazenta\n|-boost|p1a: Zamazenta|def|0\n|move|p2a: Iron Valiant|Encore||[still]\n|-fail|p2a: Iron Valiant\n|\n|-heal|p1a: Zamazenta|35/100|[from] item: Leftovers\n|-damage|p2a: Iron Valiant|0 fnt|[from] psn\n|faint|p2a: Iron Valiant\n|-end|p2a: Iron Valiant|Quark Drive|[silent]\n|-end|p1a: Zamazenta|Encore\n|upkeep\n|\n|t:|1788287533\n|switch|p2a: Gholdengo|Gholdengo|51/100\n|-damage|p2a: Gholdengo|39/100|[from] Spikes\n|turn|25\n|\n|t:|1788287535\n|switch|p2a: Kingambit|Kingambit, M|92/100\n|-damage|p2a: Kingambit|80/100|[from] Spikes\n|-activate|p2a: Kingambit|ability: Supreme Overlord\n|-start|p2a: Kingambit|fallen4|[silent]\n|move|p1a: Zamazenta|Crunch|p2a: Kingambit\n|-resisted|p2a: Kingambit\n|-damage|p2a: Kingambit|72/100\n|\n|-heal|p1a: Zamazenta|41/100|[from] item: Leftovers\n|-heal|p2a: Kingambit|78/100|[from] item: Leftovers\n|upkeep\n|turn|26\n|\n|t:|1788287537\n|-end|p2a: Kingambit|fallen4|[silent]\n|switch|p2a: Gholdengo|Gholdengo|39/100\n|-damage|p2a: Gholdengo|26/100|[from] Spikes\n|move|p1a: Zamazenta|Body Press|p2a: Gholdengo\n|-immune|p2a: Gholdengo\n|\n|-heal|p1a: Zamazenta|47/100|[from] item: Leftovers\n|upkeep\n|turn|27\n|\n|t:|1788287539\n|switch|p2a: Kingambit|Kingambit, M|78/100\n|-damage|p2a: Kingambit|65/100|[from] Spikes\n|-activate|p2a: Kingambit|ability: Supreme Overlord\n|-start|p2a: Kingambit|fallen4|[silent]\n|move|p1a: Zamazenta|Crunch|p2a: Kingambit\n|-resisted|p2a: Kingambit\n|-damage|p2a: Kingambit|57/100\n|\n|-heal|p1a: Zamazenta|53/100|[from] item: Leftovers\n|-heal|p2a: Kingambit|63/100|[from] item: Leftovers\n|upkeep\n|turn|28\n|\n|t:|1788287541\n|-end|p2a: Kingambit|fallen4|[silent]\n|switch|p2a: Gholdengo|Gholdengo|26/100\n|-damage|p2a: Gholdengo|14/100|[from] Spikes\n|move|p1a: Zamazenta|Crunch|p2a: Gholdengo\n|-supereffective|p2a: Gholdengo\n|-damage|p2a: Gholdengo|0 fnt\n|faint|p2a: Gholdengo\n|\n|-heal|p1a: Zamazenta|59/100|[from] item: Leftovers\n|upkeep\n|\n|t:|1788287541\n|switch|p2a: Kingambit|Kingambit, M|63/100\n|-damage|p2a: Kingambit|51/100|[from] Spikes\n|-activate|p2a: Kingambit|ability: Supreme Overlord\n|-start|p2a: Kingambit|fallen5|[silent]\n|turn|29\n|\n|t:|1788287543\n|move|p2a: Kingambit|Sucker Punch|p1a: Zamazenta\n|-damage|p1a: Zamazenta|48/100\n|move|p1a: Zamazenta|Body Press|p2a: Kingambit\n|-supereffective|p2a: Kingambit\n|-damage|p2a: Kingambit|0 fnt\n|faint|p2a: Kingambit\n|-end|p2a: Kingambit|fallen5|[silent]\n|\n|win|Prav33n\n|raw|Prav33n's rating: 1585 &rarr; <strong>1609</strong><br />(+24 for winning)\n|raw|kangarooteam1's rating: 1659 &rarr; <strong>1635</strong><br />(-24 for losing)\n|l|\u2606kangarooteam1\n|player|p2|\n", "uploadtime": 1788287544, "views": "0", "formatid": "gen9ou", "rating": 1609, "private": 0, "password": null}