{"id": "gen9ou-2674067517", "format": "[Gen 9] OU", "players": ["kangarooteam1", "Alexander90281"], "log": "|badge|p2|bronze|gen9monotype|100-10\n|badge|p2|bronze|gen9ubers|100-10\n|uhtml|medal-msg|<div class=\"broadcast-blue\">Curious what those medals under the avatar are? PS now has Ladder Seasons! For more information, check out the <a href=\"https://www.smogon.com/forums/threads/3740067/\">thread on Smogon.</a></div>\n|j|\u2606kangarooteam1\n|j|\u2606Alexander90281\n|t:|1788294750\n|gametype|singles\n|player|p1|kangarooteam1|1|1708\n|player|p2|Alexander90281|tateandliza-gen3|1666\n|gen|9\n|tier|[Gen 9] OU\n|rated|\n|rule|HP Percentage Mod: HP is shown in percentages\n|rule|Endless Battle Clause: Forcing endless battles is banned\n|rule|Species Clause: Limit one of each Pok\u00e9mon\n|rule|OHKO Clause: OHKO moves are banned\n|rule|Evasion Items Clause: Evasion items are banned\n|rule|Evasion Moves Clause: Evasion moves are banned\n|rule|Evasion Abilities Clause: Evasion abilities are banned\n|rule|Sleep Moves Clause: Sleep-inducing moves are banned\n|clearpoke\n|poke|p1|Great Tusk|\n|poke|p1|Gholdengo|\n|poke|p1|Raging Bolt|\n|poke|p1|Iron Valiant|\n|poke|p1|Ogerpon-Wellspring, F|\n|poke|p1|Kingambit, F|\n|poke|p2|Mimikyu, F|\n|poke|p2|Hatterene, F|\n|poke|p2|Ursaluna, M|\n|poke|p2|Kyurem|\n|poke|p2|Raging Bolt|\n|poke|p2|Ogerpon-Wellspring, F|\n|teampreview\n|inactive|Battle timer is ON: inactive players will automatically lose when time's up. (requested by kangarooteam1)\n|\n|t:|1788294763\n|teamsize|p1|6\n|teamsize|p2|6\n|start\n|switch|p1a: Ogerpon|Ogerpon-Wellspring, F|100/100\n|switch|p2a: Hatterene|Hatterene, F|100/100\n|turn|1\n|\n|t:|1788294765\n|move|p1a: Ogerpon|Power Whip|p2a: Hatterene\n|-damage|p2a: Hatterene|17/100\n|move|p2a: Hatterene|Trick Room|p2a: Hatterene\n|-fieldstart|move: Trick Room|[of] p2a: Hatterene\n|\n|upkeep\n|turn|2\n|\n|t:|1788294767\n|move|p2a: Hatterene|Mystical Fire|p1a: Ogerpon\n|-damage|p1a: Ogerpon|65/100\n|-unboost|p1a: Ogerpon|spa|1\n|move|p1a: Ogerpon|U-turn|p2a: Hatterene\n|-damage|p2a: Hatterene|0 fnt\n|faint|p2a: Hatterene\n|\n|t:|1788294769\n|switch|p1a: Great Tusk|Great Tusk|100/100|[from] U-turn\n|\n|upkeep\n|\n|t:|1788294782\n|switch|p2a: Raging Bolt|Raging Bolt|100/100\n|-enditem|p2a: Raging Bolt|Booster Energy\n|-activate|p2a: Raging Bolt|ability: Protosynthesis|[fromitem]\n|-start|p2a: Raging Bolt|protosynthesisspa\n|turn|3\n|\n|t:|1788294783\n|move|p2a: Raging Bolt|Dragon Pulse|p1a: Great Tusk\n|-damage|p1a: Great Tusk|20/100\n|move|p1a: Great Tusk|Earthquake|p2a: Raging Bolt\n|-supereffective|p2a: Raging Bolt\n|-damage|p2a: Raging Bolt|33/100\n|\n|-heal|p1a: Great Tusk|26/100|[from] item: Leftovers\n|upkeep\n|turn|4\n|\n|t:|1788294788\n|-end|p1a: Great Tusk|Protosynthesis|[silent]\n|switch|p1a: Kingambit|Kingambit, F|100/100\n|move|p2a: Raging Bolt|Thunderbolt|p1a: Kingambit\n|-damage|p1a: Kingambit|37/100\n|\n|-heal|p1a: Kingambit|44/100|[from] item: Leftovers\n|upkeep\n|turn|5\n|\n|t:|1788294790\n|move|p2a: Raging Bolt|Thunderclap|p1a: Kingambit\n|-damage|p1a: Kingambit|0 fnt\n|faint|p1a: Kingambit\n|-end|p1a: Kingambit|fallenundefined|[silent]\n|\n|-fieldend|move: Trick Room\n|upkeep\n|\n|t:|1788294790\n|switch|p1a: Great Tusk|Great Tusk|26/100\n|turn|6\n|\n|t:|1788294804\n|move|p1a: Great Tusk|Earthquake|p2a: Raging Bolt\n|-supereffective|p2a: Raging Bolt\n|-damage|p2a: Raging Bolt|0 fnt\n|faint|p2a: Raging Bolt\n|-end|p2a: Raging Bolt|Protosynthesis|[silent]\n|\n|-heal|p1a: Great Tusk|33/100|[from] item: Leftovers\n|upkeep\n|\n|t:|1788294808\n|switch|p2a: Kyurem|Kyurem|100/100\n|-ability|p2a: Kyurem|Pressure\n|turn|7\n|\n|t:|1788294809\n|-end|p1a: Great Tusk|Protosynthesis|[silent]\n|switch|p1a: Gholdengo|Gholdengo|100/100\n|-item|p1a: Gholdengo|Air Balloon\n|move|p2a: Kyurem|Freeze-Dry|p1a: Gholdengo\n|-resisted|p1a: Gholdengo\n|-damage|p1a: Gholdengo|78/100\n|-enditem|p1a: Gholdengo|Air Balloon\n|\n|upkeep\n|turn|8\n|\n|t:|1788294814\n|move|p2a: Kyurem|Earth Power|p1a: Gholdengo\n|-supereffective|p1a: Gholdengo\n|-damage|p1a: Gholdengo|8/100\n|move|p1a: Gholdengo|Make It Rain|p2a: Kyurem\n|-supereffective|p2a: Kyurem\n|-damage|p2a: Kyurem|0 fnt\n|-unboost|p1a: Gholdengo|spa|1\n|faint|p2a: Kyurem\n|\n|upkeep\n|\n|t:|1788294818\n|switch|p2a: Ogerpon|Ogerpon-Wellspring, F|100/100\n|turn|9\n|\n|t:|1788294820\n|move|p2a: Ogerpon|Horn Leech|p1a: Gholdengo\n|-resisted|p1a: Gholdengo\n|-damage|p1a: Gholdengo|0 fnt\n|faint|p1a: Gholdengo\n|\n|upkeep\n|\n|t:|1788294821\n|switch|p1a: Ogerpon|Ogerpon-Wellspring, F|65/100\n|turn|10\n|\n|t:|1788294824\n|move|p1a: Ogerpon|Power Whip|p2a: Ogerpon\n|-damage|p2a: Ogerpon|14/100\n|move|p2a: Ogerpon|Horn Leech|p1a: Ogerpon\n|-crit|p1a: Ogerpon\n|-damage|p1a: Ogerpon|0 fnt\n|-heal|p2a: Ogerpon|46/100|[from] drain|[of] p1a: Ogerpon\n|faint|p1a: Ogerpon\n|\n|upkeep\n|\n|t:|1788294825\n|switch|p1a: Iron Valiant|Iron Valiant|100/100\n|-enditem|p1a: Iron Valiant|Booster Energy\n|-activate|p1a: Iron Valiant|ability: Quark Drive|[fromitem]\n|-start|p1a: Iron Valiant|quarkdrivespe\n|turn|11\n|\n|t:|1788294828\n|switch|p2a: Mimikyu|Mimikyu, F|100/100\n|move|p1a: Iron Valiant|Moonblast|p2a: Mimikyu\n|-activate|p2a: Mimikyu|ability: Disguise\n|-damage|p2a: Mimikyu|100/100\n|detailschange|p2a: Mimikyu|Mimikyu-Busted, F\n|-damage|p2a: Mimikyu|88/100|[from] pokemon: Mimikyu-Busted\n|\n|upkeep\n|turn|12\n|\n|t:|1788294831\n|-terastallize|p1a: Iron Valiant|Fairy\n|move|p1a: Iron Valiant|Moonblast|p2a: Mimikyu\n|-damage|p2a: Mimikyu|24/100\n|move|p2a: Mimikyu|Trick Room|p2a: Mimikyu\n|-fieldstart|move: Trick Room|[of] p2a: Mimikyu\n|\n|upkeep\n|turn|13\n|\n|t:|1788294833\n|move|p2a: Mimikyu|Curse|p1a: Iron Valiant\n|-start|p1a: Iron Valiant|Curse|[of] p2a: Mimikyu\n|-damage|p2a: Mimikyu|0 fnt\n|faint|p2a: Mimikyu\n|move|p1a: Iron Valiant|Close Combat|p2: Mimikyu|[notarget]\n|-fail|p1a: Iron Valiant\n|\n|-damage|p1a: Iron Valiant|76/100|[from] Curse\n|upkeep\n|\n|t:|1788294836\n|switch|p2a: Ursaluna|Ursaluna, M|100/100\n|turn|14\n|\n|t:|1788294839\n|move|p2a: Ursaluna|Earthquake|p1a: Iron Valiant\n|-damage|p1a: Iron Valiant|0 fnt\n|faint|p1a: Iron Valiant\n|-end|p1a: Iron Valiant|Quark Drive|[silent]\n|\n|-status|p2a: Ursaluna|brn|[from] item: Flame Orb\n|upkeep\n|\n|t:|1788294840\n|switch|p1a: Raging Bolt|Raging Bolt|100/100\n|turn|15\n|\n|t:|1788294842\n|move|p2a: Ursaluna|Earthquake|p1a: Raging Bolt\n|-supereffective|p1a: Raging Bolt\n|-damage|p1a: Raging Bolt|0 fnt\n|faint|p1a: Raging Bolt\n|-end|p1a: Raging Bolt|Protosynthesis|[silent]\n|\n|-damage|p2a: Ursaluna|94/100 brn|[from] brn\n|upkeep\n|\n|t:|1788294843\n|switch|p1a: Great Tusk|Great Tusk|33/100\n|turn|16\n|\n|t:|1788294845\n|move|p2a: Ursaluna|Facade|p1a: Great Tusk\n|-damage|p1a: Great Tusk|0 fnt\n|faint|p1a: Great Tusk\n|-end|p1a: Great Tusk|Protosynthesis|[silent]\n|\n|win|Alexander90281\n|raw|kangarooteam1's rating: 1708 &rarr; <strong>1686</strong><br />(-22 for losing)\n|raw|Alexander90281's rating: 1666 &rarr; <strong>1688</strong><br />(+22 for winning)\n", "uploadtime": 1788294845, "views": "1", "formatid": "gen9ou", "rating": 1686, "private": 0, "password": null}