{"id": "gen9ou-2673878970", "format": "[Gen 9] OU", "players": ["Bigger Yeagle", "Malexrocks"], "log": "|j|\u2606Bigger Yeagle\n|j|\u2606Malexrocks\n|t:|1788272195\n|gametype|singles\n|player|p1|Bigger Yeagle|ltsurge|1374\n|player|p2|Malexrocks|1|1394\n|gen|9\n|tier|[Gen 9] OU\n|rated|\n|rule|HP Percentage Mod: HP is shown in percentages\n|rule|Endless Battle Clause: Forcing endless battles is banned\n|rule|Species Clause: Limit one of each Pok\u00e9mon\n|rule|OHKO Clause: OHKO moves are banned\n|rule|Evasion Items Clause: Evasion items are banned\n|rule|Evasion Moves Clause: Evasion moves are banned\n|rule|Evasion Abilities Clause: Evasion abilities are banned\n|rule|Sleep Moves Clause: Sleep-inducing moves are banned\n|clearpoke\n|poke|p1|Slowking-Galar, M|\n|poke|p1|Great Tusk|\n|poke|p1|Kyurem|\n|poke|p1|Kingambit, M|\n|poke|p1|Cinderace, F|\n|poke|p1|Zapdos|\n|poke|p2|Latios, M|\n|poke|p2|Alomomola, F|\n|poke|p2|Corviknight, M|\n|poke|p2|Ting-Lu|\n|poke|p2|Cinderace, F|\n|poke|p2|Ogerpon-Cornerstone, F|\n|teampreview\n|\n|t:|1788272203\n|teamsize|p1|6\n|teamsize|p2|6\n|start\n|switch|p1a: Zeppo|Zapdos, shiny|100/100\n|switch|p2a: Lamelo Wings|Latios, M|100/100\n|turn|1\n|\n|t:|1788272210\n|switch|p1a: King Lear|Kingambit, M|100/100\n|move|p2a: Lamelo Wings|Luster Purge|p1a: King Lear\n|-immune|p1a: King Lear\n|\n|upkeep\n|turn|2\n|\n|t:|1788272217\n|switch|p2a: MyRocks Jordan|Ting-Lu, shiny|100/100\n|-ability|p2a: MyRocks Jordan|Vessel of Ruin\n|-end|p1a: King Lear|fallenundefined|[silent]\n|switch|p1a: Zeppo|Zapdos, shiny|100/100\n|\n|upkeep\n|turn|3\n|\n|t:|1788272224\n|move|p1a: Zeppo|Hurricane|p2a: MyRocks Jordan|[miss]\n|-miss|p1a: Zeppo|p2a: MyRocks Jordan\n|move|p2a: MyRocks Jordan|Stealth Rock|p1a: Zeppo\n|-sidestart|p1: Bigger Yeagle|move: Stealth Rock\n|\n|upkeep\n|turn|4\n|inactive|Battle timer is ON: inactive players will automatically lose when time's up. (requested by Bigger Yeagle)\n|\n|t:|1788272238\n|move|p1a: Zeppo|Hurricane|p2a: MyRocks Jordan|[miss]\n|-miss|p1a: Zeppo|p2a: MyRocks Jordan\n|move|p2a: MyRocks Jordan|Whirlwind|p1a: Zeppo\n|drag|p1a: Hairy Elefante|Great Tusk|100/100\n|-damage|p1a: Hairy Elefante|97/100|[from] Stealth Rock\n|\n|-heal|p1a: Hairy Elefante|100/100|[from] item: Leftovers\n|upkeep\n|turn|5\n|\n|t:|1788272243\n|switch|p2a: Larry Bird|Corviknight, M|100/100\n|-ability|p2a: Larry Bird|Pressure\n|move|p1a: Hairy Elefante|Rapid Spin|p2a: Larry Bird\n|-resisted|p2a: Larry Bird\n|-damage|p2a: Larry Bird|95/100\n|-boost|p1a: Hairy Elefante|spe|1\n|-damage|p1a: Hairy Elefante|84/100|[from] item: Rocky Helmet|[of] p2a: Larry Bird\n|-sideend|p1: Bigger Yeagle|Stealth Rock|[from] move: Rapid Spin|[of] p1a: Hairy Elefante\n|\n|-heal|p1a: Hairy Elefante|90/100|[from] item: Leftovers\n|upkeep\n|turn|6\n|\n|t:|1788272246\n|-end|p1a: Hairy Elefante|Protosynthesis|[silent]\n|switch|p1a: Zeppo|Zapdos, shiny|100/100\n|move|p2a: Larry Bird|Brave Bird|p1a: Zeppo\n|-resisted|p1a: Zeppo\n|-damage|p1a: Zeppo|86/100\n|-damage|p2a: Larry Bird|90/100|[from] Recoil\n|\n|upkeep\n|turn|7\n|\n|t:|1788272254\n|switch|p1a: Caillou|Kyurem|100/100\n|-ability|p1a: Caillou|Pressure\n|switch|p2a: MyRocks Jordan|Ting-Lu, shiny|100/100\n|-ability|p2a: MyRocks Jordan|Vessel of Ruin\n|\n|upkeep\n|turn|8\n|\n|t:|1788272270\n|switch|p2a: Larry Bird|Corviknight, M|90/100\n|-ability|p2a: Larry Bird|Pressure\n|move|p1a: Caillou|Freeze-Dry|p2a: Larry Bird\n|-damage|p2a: Larry Bird|32/100\n|\n|upkeep\n|turn|9\n|\n|t:|1788272287\n|switch|p1a: Zeppo|Zapdos, shiny|86/100\n|switch|p2a: Lebun James|Cinderace, F|100/100\n|\n|upkeep\n|turn|10\n|\n|t:|1788272296\n|switch|p2a: MyRocks Jordan|Ting-Lu, shiny|100/100\n|-ability|p2a: MyRocks Jordan|Vessel of Ruin\n|move|p1a: Zeppo|Thunder Wave|p2a: MyRocks Jordan\n|-immune|p2a: MyRocks Jordan\n|\n|upkeep\n|turn|11\n|\n|t:|1788272300\n|switch|p1a: Hairy Elefante|Great Tusk|90/100\n|move|p2a: MyRocks Jordan|Stealth Rock|p1a: Hairy Elefante\n|-sidestart|p1: Bigger Yeagle|move: Stealth Rock\n|\n|-heal|p1a: Hairy Elefante|96/100|[from] item: Leftovers\n|upkeep\n|turn|12\n|\n|t:|1788272307\n|switch|p2a: Larry Bird|Corviknight, M|32/100\n|-ability|p2a: Larry Bird|Pressure\n|move|p1a: Hairy Elefante|Rapid Spin|p2a: Larry Bird\n|-resisted|p2a: Larry Bird\n|-damage|p2a: Larry Bird|27/100\n|-boost|p1a: Hairy Elefante|spe|1\n|-damage|p1a: Hairy Elefante|80/100|[from] item: Rocky Helmet|[of] p2a: Larry Bird\n|-sideend|p1: Bigger Yeagle|Stealth Rock|[from] move: Rapid Spin|[of] p1a: Hairy Elefante\n|\n|-heal|p1a: Hairy Elefante|86/100|[from] item: Leftovers\n|upkeep\n|turn|13\n|\n|t:|1788272326\n|move|p1a: Hairy Elefante|Close Combat|p2a: Larry Bird\n|-damage|p2a: Larry Bird|0 fnt\n|-unboost|p1a: Hairy Elefante|def|1\n|-unboost|p1a: Hairy Elefante|spd|1\n|-damage|p1a: Hairy Elefante|69/100|[from] item: Rocky Helmet|[of] p2a: Larry Bird\n|faint|p2a: Larry Bird\n|\n|-heal|p1a: Hairy Elefante|76/100|[from] item: Leftovers\n|upkeep\n|inactive|Malexrocks has 120 seconds left.\n|inactive|Malexrocks has 90 seconds left.\n|\n|t:|1788272412\n|switch|p2a: Scottie Flippen|Alomomola, F, shiny|100/100\n|turn|14\n|\n|t:|1788272416\n|-end|p1a: Hairy Elefante|Protosynthesis|[silent]\n|switch|p1a: Caillou|Kyurem|100/100\n|-ability|p1a: Caillou|Pressure\n|move|p2a: Scottie Flippen|Flip Turn|p1a: Caillou\n|-resisted|p1a: Caillou\n|-damage|p1a: Caillou|93/100\n|inactive|Malexrocks has 60 seconds left.\n|\n|t:|1788272452\n|switch|p2a: Lebun James|Cinderace, F|100/100|[from] Flip Turn\n|\n|upkeep\n|turn|15\n|inactive|Bigger Yeagle has 120 seconds left.\n|\n|t:|1788272497\n|switch|p1a: Zeppo|Zapdos, shiny|86/100\n|move|p2a: Lebun James|High Jump Kick|p1a: Zeppo\n|-start|p2a: Lebun James|typechange|Fighting|[from] ability: Libero\n|-resisted|p1a: Zeppo\n|-damage|p1a: Zeppo|63/100\n|\n|upkeep\n|turn|16\n|inactive|Malexrocks has 60 seconds left.\n|\n|t:|1788272507\n|switch|p2a: MyRocks Jordan|Ting-Lu, shiny|100/100\n|-ability|p2a: MyRocks Jordan|Vessel of Ruin\n|move|p1a: Zeppo|Roost|p1a: Zeppo\n|-heal|p1a: Zeppo|100/100\n|-singleturn|p1a: Zeppo|move: Roost\n|\n|upkeep\n|turn|17\n|inactive|Bigger Yeagle has 120 seconds left.\n|\n|t:|1788272531\n|switch|p2a: Lamelo Wings|Latios, M|100/100\n|move|p1a: Zeppo|Hurricane|p2a: Lamelo Wings\n|-damage|p2a: Lamelo Wings|50/100\n|\n|upkeep\n|turn|18\n|\n|t:|1788272539\n|switch|p1a: Kingoberry|Slowking-Galar, M|100/100\n|move|p2a: Lamelo Wings|Draco Meteor|p1a: Kingoberry\n|-crit|p1a: Kingoberry\n|-damage|p1a: Kingoberry|9/100\n|-unboost|p2a: Lamelo Wings|spa|2\n|\n|upkeep\n|turn|19\n|\n|t:|1788272545\n|switch|p1a: King Lear|Kingambit, M|100/100\n|move|p2a: Lamelo Wings|Draco Meteor|p1a: King Lear\n|-resisted|p1a: King Lear\n|-damage|p1a: King Lear|75/100\n|-unboost|p2a: Lamelo Wings|spa|2\n|\n|-heal|p1a: King Lear|81/100|[from] item: Leftovers\n|upkeep\n|turn|20\n|inactive|Bigger Yeagle has 120 seconds left.\n|\n|t:|1788272553\n|switch|p2a: MyRocks Jordan|Ting-Lu, shiny|100/100\n|-ability|p2a: MyRocks Jordan|Vessel of Ruin\n|move|p1a: King Lear|Swords Dance|p1a: King Lear\n|-boost|p1a: King Lear|atk|2\n|\n|-heal|p1a: King Lear|87/100|[from] item: Leftovers\n|upkeep\n|turn|21\n|\n|t:|1788272558\n|move|p1a: King Lear|Low Kick|p2a: MyRocks Jordan\n|-supereffective|p2a: MyRocks Jordan\n|-damage|p2a: MyRocks Jordan|2/100\n|move|p2a: MyRocks Jordan|Earthquake|p1a: King Lear\n|-supereffective|p1a: King Lear\n|-damage|p1a: King Lear|29/100\n|\n|-heal|p1a: King Lear|35/100|[from] item: Leftovers\n|-heal|p2a: MyRocks Jordan|8/100|[from] item: Leftovers\n|upkeep\n|turn|22\n|\n|t:|1788272566\n|move|p1a: King Lear|Iron Head|p2a: MyRocks Jordan\n|-damage|p2a: MyRocks Jordan|0 fnt\n|faint|p2a: MyRocks Jordan\n|\n|-heal|p1a: King Lear|41/100|[from] item: Leftovers\n|upkeep\n|\n|t:|1788272572\n|switch|p2a: Shaq-Og-Neil|Ogerpon-Cornerstone, F|100/100\n|turn|23\n|\n|t:|1788272580\n|move|p1a: King Lear|Sucker Punch||[still]\n|-fail|p1a: King Lear\n|move|p2a: Shaq-Og-Neil|Swords Dance|p2a: Shaq-Og-Neil\n|-boost|p2a: Shaq-Og-Neil|atk|2\n|\n|-heal|p1a: King Lear|48/100|[from] item: Leftovers\n|upkeep\n|turn|24\n|\n|t:|1788272584\n|move|p2a: Shaq-Og-Neil|Encore|p1a: King Lear\n|-start|p1a: King Lear|Encore\n|move|p1a: King Lear|Sucker Punch||[still]\n|-fail|p1a: King Lear\n|\n|-heal|p1a: King Lear|54/100|[from] item: Leftovers\n|upkeep\n|turn|25\n|\n|t:|1788272591\n|-end|p1a: King Lear|fallenundefined|[silent]\n|switch|p1a: Hairy Elefante|Great Tusk|76/100\n|move|p2a: Shaq-Og-Neil|Swords Dance|p2a: Shaq-Og-Neil\n|-boost|p2a: Shaq-Og-Neil|atk|2\n|\n|-heal|p1a: Hairy Elefante|82/100|[from] item: Leftovers\n|upkeep\n|turn|26\n|\n|t:|1788272595\n|move|p2a: Shaq-Og-Neil|Power Whip|p1a: Hairy Elefante\n|-supereffective|p1a: Hairy Elefante\n|-damage|p1a: Hairy Elefante|0 fnt\n|faint|p1a: Hairy Elefante\n|-end|p1a: Hairy Elefante|Protosynthesis|[silent]\n|\n|upkeep\n|\n|t:|1788272602\n|switch|p1a: King Lear|Kingambit, M|54/100\n|-activate|p1a: King Lear|ability: Supreme Overlord\n|-start|p1a: King Lear|fallen1|[silent]\n|turn|27\n|\n|t:|1788272609\n|move|p2a: Shaq-Og-Neil|Ivy Cudgel|p1a: King Lear|[anim] Ivy Cudgel Rock\n|-resisted|p1a: King Lear\n|-damage|p1a: King Lear|0 fnt\n|faint|p1a: King Lear\n|-end|p1a: King Lear|fallen1|[silent]\n|\n|upkeep\n|\n|t:|1788272613\n|switch|p1a: Kicker of Elves|Cinderace, F|100/100\n|turn|28\n|\n|t:|1788272620\n|-terastallize|p2a: Shaq-Og-Neil|Rock\n|detailschange|p2a: Shaq-Og-Neil|Ogerpon-Cornerstone-Tera, F, tera:Rock\n|-ability|p2a: Shaq-Og-Neil|Embody Aspect (Cornerstone)|boost\n|-boost|p2a: Shaq-Og-Neil|def|1\n|move|p1a: Kicker of Elves|U-turn|p2a: Shaq-Og-Neil\n|-damage|p2a: Shaq-Og-Neil|84/100\n|\n|t:|1788272628\n|switch|p1a: Kingoberry|Slowking-Galar, M|42/100|[from] U-turn\n|move|p2a: Shaq-Og-Neil|Ivy Cudgel|p1a: Kingoberry|[anim] Ivy Cudgel Rock\n|-damage|p1a: Kingoberry|0 fnt\n|faint|p1a: Kingoberry\n|\n|upkeep\n|\n|t:|1788272630\n|switch|p1a: Kicker of Elves|Cinderace, F|100/100\n|turn|29\n|\n|t:|1788272636\n|move|p1a: Kicker of Elves|Will-O-Wisp|p2a: Shaq-Og-Neil|[miss]\n|-miss|p1a: Kicker of Elves|p2a: Shaq-Og-Neil\n|move|p2a: Shaq-Og-Neil|Ivy Cudgel|p1a: Kicker of Elves|[anim] Ivy Cudgel Rock\n|-supereffective|p1a: Kicker of Elves\n|-damage|p1a: Kicker of Elves|0 fnt\n|faint|p1a: Kicker of Elves\n|\n|upkeep\n|-message|Bigger Yeagle forfeited.\n|\n|win|Malexrocks\n|raw|Bigger Yeagle's rating: 1374 &rarr; <strong>1355</strong><br />(-19 for losing)\n|raw|Malexrocks's rating: 1394 &rarr; <strong>1413</strong><br />(+19 for winning)\n|l|\u2606Bigger Yeagle\n|player|p1|\n|l|\u2606Malexrocks\n|player|p2|\n|j| stevewbuscemi\n|l| stevewbuscemi\n", "uploadtime": 1788272841, "views": "1", "formatid": "gen9ou", "rating": 1355, "private": 0, "password": null}