{"id": "gen9ou-2673907610", "format": "[Gen 9] OU", "players": ["talveznao", "Prof Flygonnagal"], "log": "|badge|p1|bronze|gen9ubers|100-10\n|badge|p1|bronze|gen9uu|100-10\n|uhtml|medal-msg|<div class=\"broadcast-blue\">Curious what those medals under the avatar are? PS now has Ladder Seasons! For more information, check out the <a href=\"https://www.smogon.com/forums/threads/3740067/\">thread on Smogon.</a></div>\n|j|\u2606talveznao\n|j|\u2606Prof Flygonnagal\n|t:|1788275722\n|gametype|singles\n|player|p1|talveznao|evelyn|1447\n|player|p2|Prof Flygonnagal|silver|1479\n|gen|9\n|tier|[Gen 9] OU\n|rated|\n|rule|HP Percentage Mod: HP is shown in percentages\n|rule|Endless Battle Clause: Forcing endless battles is banned\n|rule|Species Clause: Limit one of each Pok\u00e9mon\n|rule|OHKO Clause: OHKO moves are banned\n|rule|Evasion Items Clause: Evasion items are banned\n|rule|Evasion Moves Clause: Evasion moves are banned\n|rule|Evasion Abilities Clause: Evasion abilities are banned\n|rule|Sleep Moves Clause: Sleep-inducing moves are banned\n|clearpoke\n|poke|p1|Cresselia, F|\n|poke|p1|Samurott-Hisui, M|\n|poke|p1|Gholdengo|\n|poke|p1|Landorus-Therian, M|\n|poke|p1|Dragonite, F|\n|poke|p1|Iron Valiant|\n|poke|p2|Cinderace, M|\n|poke|p2|Rillaboom, M|\n|poke|p2|Zamazenta-*|\n|poke|p2|Dragapult, M|\n|poke|p2|Rotom-Wash|\n|poke|p2|Heatran, M|\n|teampreview\n|inactive|Battle timer is ON: inactive players will automatically lose when time's up. (requested by talveznao)\n|\n|t:|1788275731\n|teamsize|p1|6\n|teamsize|p2|6\n|start\n|switch|p1a: Samurott|Samurott-Hisui, M|100/100\n|switch|p2a: Rotom|Rotom-Wash|100/100\n|turn|1\n|\n|t:|1788275761\n|move|p1a: Samurott|Ceaseless Edge|p2a: Rotom\n|-damage|p2a: Rotom|39/100\n|-damage|p1a: Samurott|84/100|[from] item: Rocky Helmet|[of] p2a: Rotom\n|-sidestart|p2: Prof Flygonnagal|Spikes\n|move|p2a: Rotom|Will-O-Wisp|p1a: Samurott\n|-status|p1a: Samurott|brn\n|\n|-damage|p1a: Samurott|78/100 brn|[from] brn\n|upkeep\n|turn|2\n|\n|t:|1788275764\n|move|p1a: Samurott|Ceaseless Edge|p2a: Rotom\n|-damage|p2a: Rotom|8/100\n|-damage|p1a: Samurott|61/100 brn|[from] item: Rocky Helmet|[of] p2a: Rotom\n|-sidestart|p2: Prof Flygonnagal|Spikes\n|move|p2a: Rotom|Pain Split|p1a: Samurott\n|-sethp|p1a: Samurott|34/100 brn|[from] move: Pain Split|[silent]\n|-sethp|p2a: Rotom|45/100|[from] move: Pain Split\n|\n|-damage|p1a: Samurott|28/100 brn|[from] brn\n|upkeep\n|turn|3\n|\n|t:|1788275772\n|move|p1a: Samurott|Ceaseless Edge|p2a: Rotom\n|-damage|p2a: Rotom|14/100\n|-damage|p1a: Samurott|11/100 brn|[from] item: Rocky Helmet|[of] p2a: Rotom\n|-sidestart|p2: Prof Flygonnagal|Spikes\n|move|p2a: Rotom|Volt Switch|p1a: Samurott\n|-supereffective|p1a: Samurott\n|-damage|p1a: Samurott|0 fnt\n|faint|p1a: Samurott\n|\n|t:|1788275780\n|switch|p2a: Cinderace|Cinderace, M|100/100|[from] Volt Switch\n|\n|upkeep\n|\n|t:|1788275788\n|switch|p1a: Iron Valiant|Iron Valiant|100/100\n|-enditem|p1a: Iron Valiant|Booster Energy\n|-activate|p1a: Iron Valiant|ability: Quark Drive|[fromitem]\n|-start|p1a: Iron Valiant|quarkdrivespe\n|turn|4\n|\n|t:|1788275791\n|move|p1a: Iron Valiant|Moonblast|p2a: Cinderace\n|-resisted|p2a: Cinderace\n|-damage|p2a: Cinderace|66/100\n|move|p2a: Cinderace|Pyro Ball|p1a: Iron Valiant\n|-damage|p1a: Iron Valiant|26/100\n|\n|upkeep\n|turn|5\n|\n|t:|1788275800\n|switch|p2a: Rotom|Rotom-Wash|14/100\n|move|p1a: Iron Valiant|Close Combat|p2a: Rotom\n|-damage|p2a: Rotom|0 fnt\n|-unboost|p1a: Iron Valiant|def|1\n|-unboost|p1a: Iron Valiant|spd|1\n|-damage|p1a: Iron Valiant|10/100|[from] item: Rocky Helmet|[of] p2a: Rotom\n|faint|p2a: Rotom\n|\n|upkeep\n|\n|t:|1788275805\n|switch|p2a: Rillaboom|Rillaboom, M|100/100\n|-damage|p2a: Rillaboom|75/100|[from] Spikes\n|-fieldstart|move: Grassy Terrain|[from] ability: Grassy Surge|[of] p2a: Rillaboom\n|turn|6\n|\n|t:|1788275810\n|move|p1a: Iron Valiant|Moonblast|p2a: Rillaboom\n|-damage|p2a: Rillaboom|40/100\n|move|p2a: Rillaboom|U-turn|p1a: Iron Valiant\n|-resisted|p1a: Iron Valiant\n|-damage|p1a: Iron Valiant|0 fnt\n|faint|p1a: Iron Valiant\n|-end|p1a: Iron Valiant|Quark Drive|[silent]\n|\n|t:|1788275813\n|switch|p2a: Cinderace|Cinderace, M|66/100|[from] U-turn\n|\n|-heal|p2a: Cinderace|72/100|[from] Grassy Terrain\n|upkeep\n|\n|t:|1788275819\n|switch|p1a: Dragonite|Dragonite, F|100/100\n|turn|7\n|\n|t:|1788275822\n|move|p2a: Cinderace|Court Change|p2a: Cinderace\n|-start|p2a: Cinderace|typechange|Normal|[from] ability: Libero\n|-swapsideconditions\n|-activate|p2a: Cinderace|move: Court Change\n|move|p1a: Dragonite|Dragon Dance|p1a: Dragonite\n|-boost|p1a: Dragonite|atk|1\n|-boost|p1a: Dragonite|spe|1\n|\n|-heal|p2a: Cinderace|78/100|[from] Grassy Terrain\n|upkeep\n|turn|8\n|\n|t:|1788275824\n|move|p1a: Dragonite|Extreme Speed|p2a: Cinderace\n|-damage|p2a: Cinderace|7/100\n|move|p2a: Cinderace|U-turn|p1a: Dragonite\n|-resisted|p1a: Dragonite\n|-damage|p1a: Dragonite|95/100\n|\n|t:|1788275839\n|switch|p2a: Zamazenta|Zamazenta|100/100|[from] U-turn\n|-ability|p2a: Zamazenta|Dauntless Shield|boost\n|-boost|p2a: Zamazenta|def|1\n|\n|upkeep\n|turn|9\n|\n|t:|1788275855\n|switch|p1a: Landorus|Landorus-Therian, M|100/100\n|-ability|p1a: Landorus|Intimidate|boost\n|-unboost|p2a: Zamazenta|atk|1\n|move|p2a: Zamazenta|Body Press|p1a: Landorus\n|-resisted|p1a: Landorus\n|-damage|p1a: Landorus|75/100\n|-damage|p2a: Zamazenta|84/100|[from] item: Rocky Helmet|[of] p1a: Landorus\n|\n|-heal|p2a: Zamazenta|90/100|[from] Grassy Terrain\n|-heal|p2a: Zamazenta|96/100|[from] item: Leftovers\n|upkeep\n|turn|10\n|\n|t:|1788275861\n|move|p2a: Zamazenta|Iron Defense|p2a: Zamazenta\n|-boost|p2a: Zamazenta|def|2\n|move|p1a: Landorus|Stealth Rock|p2a: Zamazenta\n|-sidestart|p2: Prof Flygonnagal|move: Stealth Rock\n|\n|-heal|p2a: Zamazenta|100/100|[from] Grassy Terrain\n|-fieldend|move: Grassy Terrain\n|upkeep\n|turn|11\n|\n|t:|1788275866\n|move|p2a: Zamazenta|Iron Defense|p2a: Zamazenta\n|-boost|p2a: Zamazenta|def|2\n|move|p1a: Landorus|U-turn|p2a: Zamazenta\n|-resisted|p2a: Zamazenta\n|-crit|p2a: Zamazenta\n|-damage|p2a: Zamazenta|88/100\n|\n|t:|1788275869\n|switch|p1a: Gholdengo|Gholdengo|100/100|[from] U-turn\n|-item|p1a: Gholdengo|Air Balloon\n|\n|-heal|p2a: Zamazenta|94/100|[from] item: Leftovers\n|upkeep\n|turn|12\n|\n|t:|1788275873\n|move|p2a: Zamazenta|Iron Head|p1a: Gholdengo\n|-resisted|p1a: Gholdengo\n|-damage|p1a: Gholdengo|92/100\n|-enditem|p1a: Gholdengo|Air Balloon\n|cant|p1a: Gholdengo|flinch\n|\n|-heal|p2a: Zamazenta|99/100|[from] item: Leftovers\n|upkeep\n|turn|13\n|\n|t:|1788275877\n|move|p2a: Zamazenta|Crunch|p1a: Gholdengo\n|-supereffective|p1a: Gholdengo\n|-damage|p1a: Gholdengo|55/100\n|move|p1a: Gholdengo|Shadow Ball|p2a: Zamazenta\n|-damage|p2a: Zamazenta|60/100\n|\n|-heal|p2a: Zamazenta|66/100|[from] item: Leftovers\n|upkeep\n|turn|14\n|\n|t:|1788275883\n|switch|p2a: Dragapult|Dragapult, M|100/100\n|-damage|p2a: Dragapult|88/100|[from] Stealth Rock\n|move|p1a: Gholdengo|Make It Rain|p2a: Dragapult\n|-damage|p2a: Dragapult|9/100\n|-unboost|p1a: Gholdengo|spa|1\n|\n|upkeep\n|turn|15\n|\n|t:|1788275893\n|switch|p1a: Landorus|Landorus-Therian, M|75/100\n|-ability|p1a: Landorus|Intimidate|boost\n|-unboost|p2a: Dragapult|atk|1\n|move|p2a: Dragapult|Shadow Ball|p1a: Landorus\n|-damage|p1a: Landorus|19/100\n|\n|upkeep\n|turn|16\n|\n|t:|1788275897\n|move|p2a: Dragapult|Shadow Ball|p1a: Landorus\n|-damage|p1a: Landorus|0 fnt\n|faint|p1a: Landorus\n|\n|upkeep\n|\n|t:|1788275899\n|switch|p1a: Dragonite|Dragonite, F|95/100\n|turn|17\n|\n|t:|1788275903\n|move|p2a: Dragapult|Shadow Ball|p1a: Dragonite\n|-damage|p1a: Dragonite|42/100\n|move|p1a: Dragonite|Dragon Dance|p1a: Dragonite\n|-boost|p1a: Dragonite|atk|1\n|-boost|p1a: Dragonite|spe|1\n|\n|upkeep\n|turn|18\n|\n|t:|1788275915\n|-terastallize|p1a: Dragonite|Normal\n|move|p2a: Dragapult|Shadow Ball|p1a: Dragonite\n|-immune|p1a: Dragonite\n|move|p1a: Dragonite|Roost|p1a: Dragonite\n|-heal|p1a: Dragonite|92/100\n|\n|upkeep\n|turn|19\n|\n|t:|1788275920\n|switch|p2a: Zamazenta|Zamazenta|66/100\n|-damage|p2a: Zamazenta|60/100|[from] Stealth Rock\n|move|p1a: Dragonite|Dragon Dance|p1a: Dragonite\n|-boost|p1a: Dragonite|atk|1\n|-boost|p1a: Dragonite|spe|1\n|\n|-heal|p2a: Zamazenta|66/100|[from] item: Leftovers\n|upkeep\n|turn|20\n|\n|t:|1788275924\n|move|p1a: Dragonite|Extreme Speed|p2a: Zamazenta\n|-damage|p2a: Zamazenta|0 fnt\n|faint|p2a: Zamazenta\n|\n|upkeep\n|\n|t:|1788275928\n|switch|p2a: Rillaboom|Rillaboom, M|40/100\n|-damage|p2a: Rillaboom|27/100|[from] Stealth Rock\n|-fieldstart|move: Grassy Terrain|[from] ability: Grassy Surge|[of] p2a: Rillaboom\n|turn|21\n|\n|t:|1788275930\n|move|p1a: Dragonite|Extreme Speed|p2a: Rillaboom\n|-damage|p2a: Rillaboom|0 fnt\n|faint|p2a: Rillaboom\n|\n|-heal|p1a: Dragonite|98/100|[from] Grassy Terrain\n|upkeep\n|\n|t:|1788275933\n|switch|p2a: Dragapult|Dragapult, M|9/100\n|-damage|p2a: Dragapult|0 fnt|[from] Stealth Rock\n|faint|p2a: Dragapult\n|\n|t:|1788275935\n|switch|p2a: Heatran|Heatran, M|100/100\n|-damage|p2a: Heatran|88/100|[from] Stealth Rock\n|turn|22\n|\n|t:|1788275938\n|-terastallize|p2a: Heatran|Ground\n|move|p1a: Dragonite|Earthquake|p2a: Heatran\n|-damage|p2a: Heatran|57/100\n|move|p2a: Heatran|Lava Plume|p1a: Dragonite\n|-damage|p1a: Dragonite|48/100\n|\n|-heal|p1a: Dragonite|54/100|[from] Grassy Terrain\n|-heal|p2a: Heatran|63/100|[from] Grassy Terrain\n|-heal|p2a: Heatran|69/100|[from] item: Leftovers\n|upkeep\n|turn|23\n|\n|t:|1788275941\n|move|p1a: Dragonite|Extreme Speed|p2a: Heatran\n|-damage|p2a: Heatran|0 fnt\n|faint|p2a: Heatran\n|\n|-heal|p1a: Dragonite|60/100|[from] Grassy Terrain\n|upkeep\n|-message|Prof Flygonnagal forfeited.\n|\n|win|talveznao\n|raw|talveznao's rating: 1447 &rarr; <strong>1469</strong><br />(+22 for winning)\n|raw|Prof Flygonnagal's rating: 1479 &rarr; <strong>1457</strong><br />(-22 for losing)\n|l|\u2606Prof Flygonnagal\n|player|p2|\n", "uploadtime": 1788275949, "views": "2", "formatid": "gen9ou", "rating": 1457, "private": 0, "password": null}