{"id": "gen9ou-2673963256", "format": "[Gen 9] OU", "players": ["ollierob1", "i sell weed-le"], "log": "|j|\u2606ollierob1\n|j|\u2606i sell weed-le\n|t:|1788282381\n|gametype|singles\n|player|p1|ollierob1|hoopster|1723\n|player|p2|i sell weed-le|clemont|1632\n|gen|9\n|tier|[Gen 9] OU\n|rated|\n|rule|HP Percentage Mod: HP is shown in percentages\n|rule|Endless Battle Clause: Forcing endless battles is banned\n|rule|Species Clause: Limit one of each Pok\u00e9mon\n|rule|OHKO Clause: OHKO moves are banned\n|rule|Evasion Items Clause: Evasion items are banned\n|rule|Evasion Moves Clause: Evasion moves are banned\n|rule|Evasion Abilities Clause: Evasion abilities are banned\n|rule|Sleep Moves Clause: Sleep-inducing moves are banned\n|clearpoke\n|poke|p1|Raging Bolt|\n|poke|p1|Ogerpon-Wellspring, F|\n|poke|p1|Zamazenta-*|\n|poke|p1|Cresselia, F|\n|poke|p1|Glimmora, M|\n|poke|p1|Kingambit, M|\n|poke|p2|Sinistcha|\n|poke|p2|Gliscor, F|\n|poke|p2|Alomomola, F|\n|poke|p2|Latias, F|\n|poke|p2|Samurott-Hisui, F|\n|poke|p2|Gholdengo|\n|teampreview\n|inactive|Battle timer is ON: inactive players will automatically lose when time's up. (requested by i sell weed-le)\n|\n|t:|1788282400\n|teamsize|p1|6\n|teamsize|p2|6\n|start\n|switch|p1a: Alice|Ogerpon-Wellspring, F|100/100\n|switch|p2a: Gliscor|Gliscor, F|100/100\n|turn|1\n|\n|t:|1788282417\n|move|p2a: Gliscor|Protect|p2a: Gliscor\n|-singleturn|p2a: Gliscor|Protect\n|move|p1a: Alice|Knock Off|p2a: Gliscor\n|-activate|p2a: Gliscor|move: Protect\n|\n|-status|p2a: Gliscor|tox|[from] item: Toxic Orb\n|upkeep\n|turn|2\n|inactive|i sell weed-le has 120 seconds left.\n|\n|t:|1788282454\n|switch|p2a: Sinistcha|Sinistcha|100/100\n|move|p1a: Alice|Taunt|p2a: Sinistcha\n|-start|p2a: Sinistcha|move: Taunt\n|\n|upkeep\n|turn|3\n|\n|t:|1788282457\n|move|p1a: Alice|Knock Off|p2a: Sinistcha\n|-supereffective|p2a: Sinistcha\n|-damage|p2a: Sinistcha|45/100\n|-enditem|p2a: Sinistcha|Heavy-Duty Boots|[from] move: Knock Off|[of] p1a: Alice\n|move|p2a: Sinistcha|Matcha Gotcha|p1a: Alice\n|-damage|p1a: Alice|64/100\n|-heal|p2a: Sinistcha|61/100|[from] drain|[of] p1a: Alice\n|\n|upkeep\n|turn|4\n|inactive|i sell weed-le has 120 seconds left.\n|\n|t:|1788282475\n|switch|p1a: Byakko|Raging Bolt|100/100\n|-enditem|p1a: Byakko|Booster Energy\n|-activate|p1a: Byakko|ability: Protosynthesis|[fromitem]\n|-start|p1a: Byakko|protosynthesisspa\n|move|p2a: Sinistcha|Matcha Gotcha|p1a: Byakko\n|-resisted|p1a: Byakko\n|-damage|p1a: Byakko|88/100\n|-heal|p2a: Sinistcha|69/100|[from] drain|[of] p1a: Byakko\n|\n|-end|p2a: Sinistcha|move: Taunt\n|upkeep\n|turn|5\n|\n|t:|1788282478\n|switch|p2a: Gliscor|Gliscor, F|100/100 tox\n|move|p1a: Byakko|Calm Mind|p1a: Byakko\n|-boost|p1a: Byakko|spa|1\n|-boost|p1a: Byakko|spd|1\n|\n|upkeep\n|turn|6\n|\n|t:|1788282481\n|move|p2a: Gliscor|Earthquake|p1a: Byakko\n|-supereffective|p1a: Byakko\n|-damage|p1a: Byakko|37/100\n|move|p1a: Byakko|Dragon Pulse|p2a: Gliscor\n|-damage|p2a: Gliscor|24/100 tox\n|\n|-heal|p2a: Gliscor|37/100 tox|[from] ability: Poison Heal\n|upkeep\n|turn|7\n|\n|t:|1788282491\n|-end|p1a: Byakko|Protosynthesis|[silent]\n|switch|p1a: Alice|Ogerpon-Wellspring, F|64/100\n|move|p2a: Gliscor|Earthquake|p1a: Alice\n|-resisted|p1a: Alice\n|-damage|p1a: Alice|43/100\n|\n|-heal|p2a: Gliscor|49/100 tox|[from] ability: Poison Heal\n|upkeep\n|turn|8\n|\n|t:|1788282495\n|move|p2a: Gliscor|Protect|p2a: Gliscor\n|-singleturn|p2a: Gliscor|Protect\n|move|p1a: Alice|Ivy Cudgel|p2a: Gliscor|[anim] Ivy Cudgel Water\n|-activate|p2a: Gliscor|move: Protect\n|\n|-heal|p2a: Gliscor|62/100 tox|[from] ability: Poison Heal\n|upkeep\n|turn|9\n|\n|t:|1788282500\n|switch|p1a: Byakko|Raging Bolt|37/100\n|switch|p2a: Sinistcha|Sinistcha|69/100\n|\n|upkeep\n|turn|10\n|\n|t:|1788282526\n|switch|p2a: Gliscor|Gliscor, F|62/100 tox\n|move|p1a: Byakko|Dragon Pulse|p2a: Gliscor\n|-damage|p2a: Gliscor|16/100 tox\n|\n|-heal|p2a: Gliscor|28/100 tox|[from] ability: Poison Heal\n|upkeep\n|turn|11\n|\n|t:|1788282535\n|-end|p1a: Byakko|Protosynthesis|[silent]\n|switch|p1a: Alice|Ogerpon-Wellspring, F|43/100\n|move|p2a: Gliscor|Stealth Rock|p1a: Alice\n|-sidestart|p1: ollierob1|move: Stealth Rock\n|\n|-heal|p2a: Gliscor|41/100 tox|[from] ability: Poison Heal\n|upkeep\n|turn|12\n|\n|t:|1788282539\n|move|p2a: Gliscor|Protect|p2a: Gliscor\n|-singleturn|p2a: Gliscor|Protect\n|move|p1a: Alice|Ivy Cudgel|p2a: Gliscor|[anim] Ivy Cudgel Water\n|-activate|p2a: Gliscor|move: Protect\n|\n|-heal|p2a: Gliscor|53/100 tox|[from] ability: Poison Heal\n|upkeep\n|turn|13\n|\n|t:|1788282546\n|switch|p1a: Bullet|Glimmora, M, shiny|100/100\n|-damage|p1a: Bullet|88/100|[from] Stealth Rock\n|switch|p2a: Alomomola|Alomomola, F|100/100\n|\n|upkeep\n|turn|14\n|\n|t:|1788282550\n|switch|p2a: Gholdengo|Gholdengo|100/100\n|move|p1a: Bullet|Stealth Rock|p2a: Gholdengo\n|-sidestart|p2: i sell weed-le|move: Stealth Rock\n|\n|upkeep\n|turn|15\n|\n|t:|1788282566\n|switch|p1a: Byakko|Raging Bolt|37/100\n|-damage|p1a: Byakko|25/100|[from] Stealth Rock\n|move|p2a: Gholdengo|Make It Rain|p1a: Byakko\n|-resisted|p1a: Byakko\n|-damage|p1a: Byakko|4/100\n|-unboost|p2a: Gholdengo|spa|1\n|\n|upkeep\n|turn|16\n|\n|t:|1788282578\n|switch|p2a: Gliscor|Gliscor, F|53/100 tox\n|-damage|p2a: Gliscor|41/100 tox|[from] Stealth Rock\n|move|p1a: Byakko|Thunderclap||[still]\n|-fail|p1a: Byakko\n|\n|-heal|p2a: Gliscor|53/100 tox|[from] ability: Poison Heal\n|upkeep\n|turn|17\n|\n|t:|1788282582\n|move|p2a: Gliscor|Earthquake|p1a: Byakko\n|-supereffective|p1a: Byakko\n|-damage|p1a: Byakko|0 fnt\n|faint|p1a: Byakko\n|-end|p1a: Byakko|Protosynthesis|[silent]\n|\n|-heal|p2a: Gliscor|65/100 tox|[from] ability: Poison Heal\n|upkeep\n|\n|t:|1788282596\n|switch|p1a: Alice|Ogerpon-Wellspring, F|43/100\n|-damage|p1a: Alice|31/100|[from] Stealth Rock\n|turn|18\n|\n|t:|1788282600\n|move|p2a: Gliscor|Protect|p2a: Gliscor\n|-singleturn|p2a: Gliscor|Protect\n|move|p1a: Alice|Ivy Cudgel|p2a: Gliscor|[anim] Ivy Cudgel Water\n|-activate|p2a: Gliscor|move: Protect\n|\n|-heal|p2a: Gliscor|78/100 tox|[from] ability: Poison Heal\n|upkeep\n|turn|19\n|\n|t:|1788282609\n|switch|p2a: Alomomola|Alomomola, F|100/100\n|move|p1a: Alice|Ivy Cudgel|p2a: Alomomola|[anim] Ivy Cudgel Water\n|-resisted|p2a: Alomomola\n|-damage|p2a: Alomomola|84/100\n|\n|upkeep\n|turn|20\n|\n|t:|1788282619\n|switch|p2a: Gliscor|Gliscor, F|78/100 tox\n|-damage|p2a: Gliscor|65/100 tox|[from] Stealth Rock\n|move|p1a: Alice|Knock Off|p2a: Gliscor\n|-damage|p2a: Gliscor|32/100 tox\n|-enditem|p2a: Gliscor|Toxic Orb|[from] move: Knock Off|[of] p1a: Alice\n|\n|-heal|p2a: Gliscor|44/100 tox|[from] ability: Poison Heal\n|upkeep\n|turn|21\n|\n|t:|1788282622\n|move|p2a: Gliscor|Protect|p2a: Gliscor\n|-singleturn|p2a: Gliscor|Protect\n|move|p1a: Alice|Ivy Cudgel|p2a: Gliscor|[anim] Ivy Cudgel Water\n|-activate|p2a: Gliscor|move: Protect\n|\n|-heal|p2a: Gliscor|57/100 tox|[from] ability: Poison Heal\n|upkeep\n|turn|22\n|\n|t:|1788282624\n|switch|p2a: Sinistcha|Sinistcha|69/100\n|-damage|p2a: Sinistcha|57/100|[from] Stealth Rock\n|move|p1a: Alice|Ivy Cudgel|p2a: Sinistcha|[anim] Ivy Cudgel Water\n|-resisted|p2a: Sinistcha\n|-damage|p2a: Sinistcha|36/100\n|\n|upkeep\n|turn|23\n|\n|t:|1788282651\n|move|p1a: Alice|Knock Off|p2a: Sinistcha\n|-supereffective|p2a: Sinistcha\n|-damage|p2a: Sinistcha|0 fnt\n|faint|p2a: Sinistcha\n|\n|upkeep\n|\n|t:|1788282654\n|switch|p2a: Samurott|Samurott-Hisui, F|100/100\n|-damage|p2a: Samurott|88/100|[from] Stealth Rock\n|turn|24\n|\n|t:|1788282665\n|switch|p1a: Trojan|Zamazenta, shiny|100/100\n|-damage|p1a: Trojan|95/100|[from] Stealth Rock\n|-ability|p1a: Trojan|Dauntless Shield|boost\n|-boost|p1a: Trojan|def|1\n|move|p2a: Samurott|Ceaseless Edge|p1a: Trojan\n|-resisted|p1a: Trojan\n|-damage|p1a: Trojan|84/100\n|-sidestart|p1: ollierob1|Spikes\n|\n|upkeep\n|turn|25\n|\n|t:|1788282688\n|switch|p2a: Alomomola|Alomomola, F|100/100\n|move|p1a: Trojan|Reflect|p1a: Trojan\n|-sidestart|p1: ollierob1|Reflect\n|\n|upkeep\n|turn|26\n|\n|t:|1788282693\n|switch|p1a: Alice|Ogerpon-Wellspring, F|31/100\n|-damage|p1a: Alice|19/100|[from] Stealth Rock\n|-damage|p1a: Alice|6/100|[from] Spikes\n|move|p2a: Alomomola|Scald|p1a: Alice\n|-heal|p1a: Alice|31/100|[from] ability: Water Absorb|[of] p2a: Alomomola\n|\n|upkeep\n|turn|27\n|\n|t:|1788282703\n|switch|p2a: Gholdengo|Gholdengo|100/100\n|move|p1a: Alice|Power Whip|p2a: Gholdengo\n|-resisted|p2a: Gholdengo\n|-crit|p2a: Gholdengo\n|-damage|p2a: Gholdengo|60/100\n|\n|upkeep\n|turn|28\n|inactive|ollierob1 has 120 seconds left.\n|\n|t:|1788282746\n|switch|p1a: Overgod|Kingambit, M, shiny|100/100\n|-damage|p1a: Overgod|94/100|[from] Stealth Rock\n|-damage|p1a: Overgod|82/100|[from] Spikes\n|-activate|p1a: Overgod|ability: Supreme Overlord\n|-start|p1a: Overgod|fallen1|[silent]\n|move|p2a: Gholdengo|Recover|p2a: Gholdengo\n|-heal|p2a: Gholdengo|100/100\n|\n|-heal|p1a: Overgod|88/100|[from] item: Leftovers\n|upkeep\n|turn|29\n|\n|t:|1788282762\n|switch|p2a: Alomomola|Alomomola, F|100/100\n|-end|p1a: Overgod|fallen1|[silent]\n|switch|p1a: Alice|Ogerpon-Wellspring, F|31/100\n|-damage|p1a: Alice|19/100|[from] Stealth Rock\n|-damage|p1a: Alice|7/100|[from] Spikes\n|\n|upkeep\n|turn|30\n|\n|t:|1788282769\n|switch|p2a: Gholdengo|Gholdengo|100/100\n|move|p1a: Alice|Power Whip|p2a: Gholdengo\n|-resisted|p2a: Gholdengo\n|-damage|p2a: Gholdengo|75/100\n|\n|upkeep\n|turn|31\n|\n|t:|1788282773\n|move|p1a: Alice|Knock Off|p2a: Gholdengo\n|-supereffective|p2a: Gholdengo\n|-damage|p2a: Gholdengo|19/100\n|-enditem|p2a: Gholdengo|Heavy-Duty Boots|[from] move: Knock Off|[of] p1a: Alice\n|move|p2a: Gholdengo|Hex|p1a: Alice\n|-damage|p1a: Alice|0 fnt\n|faint|p1a: Alice\n|\n|upkeep\n|inactive|ollierob1 has 120 seconds left.\n|\n|t:|1788282792\n|switch|p1a: Overgod|Kingambit, M, shiny|88/100\n|-damage|p1a: Overgod|82/100|[from] Stealth Rock\n|-damage|p1a: Overgod|69/100|[from] Spikes\n|-activate|p1a: Overgod|ability: Supreme Overlord\n|-start|p1a: Overgod|fallen2|[silent]\n|turn|32\n|\n|t:|1788282797\n|switch|p2a: Alomomola|Alomomola, F|100/100\n|move|p1a: Overgod|Swords Dance|p1a: Overgod\n|-boost|p1a: Overgod|atk|2\n|\n|-heal|p1a: Overgod|76/100|[from] item: Leftovers\n|-sideend|p1: ollierob1|Reflect\n|upkeep\n|turn|33\n|inactive|ollierob1 has 120 seconds left.\n|\n|t:|1788282809\n|-end|p1a: Overgod|fallen2|[silent]\n|switch|p1a: Bullet|Glimmora, M, shiny|88/100\n|-damage|p1a: Bullet|76/100|[from] Stealth Rock\n|-damage|p1a: Bullet|63/100|[from] Spikes\n|move|p2a: Alomomola|Flip Turn|p1a: Bullet\n|-supereffective|p1a: Bullet\n|-damage|p1a: Bullet|41/100\n|-activate|p1a: Bullet|ability: Toxic Debris\n|-sidestart|p2: i sell weed-le|move: Toxic Spikes\n|-enditem|p1a: Bullet|Red Card|[of] p2a: Alomomola\n|drag|p2a: Gliscor|Gliscor, F|57/100 tox\n|-damage|p2a: Gliscor|44/100 tox|[from] Stealth Rock\n|\n|-heal|p2a: Gliscor|57/100 tox|[from] ability: Poison Heal\n|upkeep\n|turn|34\n|inactive|ollierob1 has 120 seconds left.\n|\n|t:|1788282833\n|switch|p2a: Gholdengo|Gholdengo|19/100\n|-damage|p2a: Gholdengo|13/100|[from] Stealth Rock\n|move|p1a: Bullet|Mortal Spin|p2a: Gholdengo\n|-immune|p2a: Gholdengo\n|\n|upkeep\n|turn|35\n|\n|t:|1788282849\n|switch|p2a: Latias|Latias, F|100/100\n|-damage|p2a: Latias|88/100|[from] Stealth Rock\n|move|p1a: Bullet|Earth Power|p2a: Latias\n|-immune|p2a: Latias|[from] ability: Levitate\n|\n|-heal|p2a: Latias|94/100|[from] item: Leftovers\n|upkeep\n|turn|36\n|\n|t:|1788282856\n|-terastallize|p2a: Latias|Steel\n|move|p2a: Latias|Calm Mind|p2a: Latias\n|-boost|p2a: Latias|spa|1\n|-boost|p2a: Latias|spd|1\n|move|p1a: Bullet|Mortal Spin|p2a: Latias\n|-immune|p2a: Latias\n|\n|-heal|p2a: Latias|99/100|[from] item: Leftovers\n|upkeep\n|turn|37\n|\n|t:|1788282863\n|switch|p1a: Overgod|Kingambit, M, shiny|76/100\n|-damage|p1a: Overgod|69/100|[from] Stealth Rock\n|-damage|p1a: Overgod|57/100|[from] Spikes\n|-activate|p1a: Overgod|ability: Supreme Overlord\n|-start|p1a: Overgod|fallen2|[silent]\n|move|p2a: Latias|Calm Mind|p2a: Latias\n|-boost|p2a: Latias|spa|1\n|-boost|p2a: Latias|spd|1\n|\n|-heal|p2a: Latias|100/100|[from] item: Leftovers\n|-heal|p1a: Overgod|63/100|[from] item: Leftovers\n|upkeep\n|turn|38\n|\n|t:|1788282869\n|move|p2a: Latias|Aura Sphere|p1a: Overgod\n|-supereffective|p1a: Overgod\n|-damage|p1a: Overgod|0 fnt\n|faint|p1a: Overgod\n|-end|p1a: Overgod|fallen2|[silent]\n|\n|upkeep\n|c|\u2606ollierob1|Yeah ok\n|\n|t:|1788282880\n|switch|p1a: Trojan|Zamazenta, shiny|84/100\n|-damage|p1a: Trojan|78/100|[from] Stealth Rock\n|-damage|p1a: Trojan|65/100|[from] Spikes\n|turn|39\n|\n|t:|1788282888\n|-terastallize|p1a: Trojan|Steel\n|move|p1a: Trojan|Body Press|p2a: Latias\n|-supereffective|p2a: Latias\n|-damage|p2a: Latias|46/100\n|move|p2a: Latias|Stored Power|p1a: Trojan\n|-resisted|p1a: Trojan\n|-damage|p1a: Trojan|34/100\n|\n|-heal|p2a: Latias|52/100|[from] item: Leftovers\n|upkeep\n|turn|40\n|\n|t:|1788282902\n|switch|p2a: Alomomola|Alomomola, F|100/100\n|move|p1a: Trojan|Body Press|p2a: Alomomola\n|-crit|p2a: Alomomola\n|-damage|p2a: Alomomola|72/100\n|\n|upkeep\n|turn|41\n|\n|t:|1788282910\n|move|p1a: Trojan|Reflect|p1a: Trojan\n|-sidestart|p1: ollierob1|Reflect\n|move|p2a: Alomomola|Flip Turn|p1a: Trojan\n|-damage|p1a: Trojan|29/100\n|\n|t:|1788282919\n|switch|p2a: Samurott|Samurott-Hisui, F|88/100|[from] Flip Turn\n|-damage|p2a: Samurott|76/100|[from] Stealth Rock\n|-status|p2a: Samurott|psn\n|\n|-damage|p2a: Samurott|63/100 psn|[from] psn\n|upkeep\n|turn|42\n|\n|t:|1788282924\n|move|p2a: Samurott|Sacred Sword|p1a: Trojan\n|-supereffective|p1a: Trojan\n|-damage|p1a: Trojan|2/100\n|move|p1a: Trojan|Light Screen|p1a: Trojan\n|-sidestart|p1: ollierob1|move: Light Screen\n|\n|-damage|p2a: Samurott|51/100 psn|[from] psn\n|upkeep\n|turn|43\n|\n|t:|1788282930\n|switch|p2a: Alomomola|Alomomola, F|100/100\n|switch|p1a: Crescent|Cresselia, F, shiny|100/100\n|-damage|p1a: Crescent|88/100|[from] Stealth Rock\n|\n|-heal|p1a: Crescent|94/100|[from] item: Leftovers\n|upkeep\n|turn|44\n|\n|t:|1788282934\n|move|p1a: Crescent|Calm Mind|p1a: Crescent\n|-boost|p1a: Crescent|spa|1\n|-boost|p1a: Crescent|spd|1\n|move|p2a: Alomomola|Flip Turn|p1a: Crescent\n|-damage|p1a: Crescent|88/100\n|\n|t:|1788282935\n|switch|p2a: Latias|Latias, F, tera:Steel|52/100|[from] Flip Turn\n|-damage|p2a: Latias|46/100|[from] Stealth Rock\n|\n|-heal|p2a: Latias|52/100|[from] item: Leftovers\n|-heal|p1a: Crescent|94/100|[from] item: Leftovers\n|upkeep\n|turn|45\n|\n|t:|1788282940\n|move|p2a: Latias|Calm Mind|p2a: Latias\n|-boost|p2a: Latias|spa|1\n|-boost|p2a: Latias|spd|1\n|move|p1a: Crescent|Calm Mind|p1a: Crescent\n|-boost|p1a: Crescent|spa|1\n|-boost|p1a: Crescent|spd|1\n|\n|-heal|p2a: Latias|58/100|[from] item: Leftovers\n|-heal|p1a: Crescent|99/100|[from] item: Leftovers\n|upkeep\n|turn|46\n|\n|t:|1788282942\n|move|p2a: Latias|Calm Mind|p2a: Latias\n|-boost|p2a: Latias|spa|1\n|-boost|p2a: Latias|spd|1\n|move|p1a: Crescent|Calm Mind|p1a: Crescent\n|-boost|p1a: Crescent|spa|1\n|-boost|p1a: Crescent|spd|1\n|\n|-heal|p2a: Latias|64/100|[from] item: Leftovers\n|-heal|p1a: Crescent|100/100|[from] item: Leftovers\n|upkeep\n|turn|47\n|\n|t:|1788282943\n|move|p2a: Latias|Calm Mind|p2a: Latias\n|-boost|p2a: Latias|spa|1\n|-boost|p2a: Latias|spd|1\n|move|p1a: Crescent|Calm Mind|p1a: Crescent\n|-boost|p1a: Crescent|spa|1\n|-boost|p1a: Crescent|spd|1\n|\n|-heal|p2a: Latias|70/100|[from] item: Leftovers\n|upkeep\n|turn|48\n|\n|t:|1788282945\n|move|p2a: Latias|Calm Mind|p2a: Latias\n|-boost|p2a: Latias|spa|1\n|-boost|p2a: Latias|spd|1\n|move|p1a: Crescent|Calm Mind|p1a: Crescent\n|-boost|p1a: Crescent|spa|1\n|-boost|p1a: Crescent|spd|1\n|\n|-heal|p2a: Latias|76/100|[from] item: Leftovers\n|-sideend|p1: ollierob1|Reflect\n|upkeep\n|turn|49\n|\n|t:|1788282946\n|move|p2a: Latias|Calm Mind|p2a: Latias\n|-boost|p2a: Latias|spa|1\n|-boost|p2a: Latias|spd|1\n|move|p1a: Crescent|Calm Mind|p1a: Crescent\n|-boost|p1a: Crescent|spa|1\n|-boost|p1a: Crescent|spd|1\n|\n|-heal|p2a: Latias|82/100|[from] item: Leftovers\n|-sideend|p1: ollierob1|move: Light Screen\n|upkeep\n|turn|50\n|\n|t:|1788282951\n|move|p2a: Latias|Calm Mind|p2a: Latias\n|-boost|p2a: Latias|spa|1\n|-boost|p2a: Latias|spd|1\n|move|p1a: Crescent|Stored Power|p2a: Latias\n|-resisted|p2a: Latias\n|-damage|p2a: Latias|42/100\n|\n|-heal|p2a: Latias|48/100|[from] item: Leftovers\n|upkeep\n|turn|51\n|\n|t:|1788282957\n|move|p2a: Latias|Recover|p2a: Latias\n|-heal|p2a: Latias|98/100\n|move|p1a: Crescent|Stored Power|p2a: Latias\n|-resisted|p2a: Latias\n|-damage|p2a: Latias|57/100\n|\n|-heal|p2a: Latias|63/100|[from] item: Leftovers\n|upkeep\n|turn|52\n|\n|t:|1788282959\n|move|p2a: Latias|Stored Power|p1a: Crescent\n|-resisted|p1a: Crescent\n|-damage|p1a: Crescent|68/100\n|move|p1a: Crescent|Stored Power|p2a: Latias\n|-resisted|p2a: Latias\n|-damage|p2a: Latias|27/100\n|\n|-heal|p2a: Latias|33/100|[from] item: Leftovers\n|-heal|p1a: Crescent|74/100|[from] item: Leftovers\n|upkeep\n|turn|53\n|\n|t:|1788282966\n|move|p2a: Latias|Recover|p2a: Latias\n|-heal|p2a: Latias|83/100\n|move|p1a: Crescent|Stored Power|p2a: Latias\n|-resisted|p2a: Latias\n|-damage|p2a: Latias|44/100\n|\n|-heal|p2a: Latias|50/100|[from] item: Leftovers\n|-heal|p1a: Crescent|80/100|[from] item: Leftovers\n|upkeep\n|turn|54\n|\n|t:|1788282969\n|move|p2a: Latias|Stored Power|p1a: Crescent\n|-resisted|p1a: Crescent\n|-damage|p1a: Crescent|48/100\n|move|p1a: Crescent|Stored Power|p2a: Latias\n|-resisted|p2a: Latias\n|-damage|p2a: Latias|11/100\n|\n|-heal|p2a: Latias|17/100|[from] item: Leftovers\n|-heal|p1a: Crescent|54/100|[from] item: Leftovers\n|upkeep\n|turn|55\n|\n|t:|1788282987\n|move|p2a: Latias|Recover|p2a: Latias\n|-heal|p2a: Latias|67/100\n|move|p1a: Crescent|Lunar Blessing|p1a: Crescent\n|-heal|p1a: Crescent|79/100\n|\n|-heal|p2a: Latias|73/100|[from] item: Leftovers\n|-heal|p1a: Crescent|85/100|[from] item: Leftovers\n|upkeep\n|turn|56\n|\n|t:|1788282990\n|move|p2a: Latias|Stored Power|p1a: Crescent\n|-resisted|p1a: Crescent\n|-damage|p1a: Crescent|52/100\n|move|p1a: Crescent|Stored Power|p2a: Latias\n|-resisted|p2a: Latias\n|-damage|p2a: Latias|32/100\n|\n|-heal|p2a: Latias|38/100|[from] item: Leftovers\n|-heal|p1a: Crescent|58/100|[from] item: Leftovers\n|upkeep\n|turn|57\n|\n|t:|1788282996\n|move|p2a: Latias|Stored Power|p1a: Crescent\n|-resisted|p1a: Crescent\n|-crit|p1a: Crescent\n|-damage|p1a: Crescent|0 fnt\n|faint|p1a: Crescent\n|\n|-heal|p2a: Latias|44/100|[from] item: Leftovers\n|upkeep\n|c|\u2606ollierob1|ok sure\n|-message|ollierob1 forfeited.\n|\n|win|i sell weed-le\n|raw|ollierob1's rating: 1723 &rarr; <strong>1698</strong><br />(-25 for losing)\n|raw|i sell weed-le's rating: 1632 &rarr; <strong>1657</strong><br />(+25 for winning)\n|l|\u2606ollierob1\n|player|p1|\n", "uploadtime": 1788283165, "views": "0", "formatid": "gen9ou", "rating": 1657, "private": 0, "password": null}