{"id": "gen9ou-2673964746", "format": "[Gen 9] OU", "players": ["kangarooteam1", "MouseG"], "log": "|j|\u2606kangarooteam1\n|j|\u2606MouseG\n|t:|1788282559\n|gametype|singles\n|player|p1|kangarooteam1|1|1524\n|player|p2|MouseG|266|1463\n|gen|9\n|tier|[Gen 9] OU\n|rated|\n|rule|HP Percentage Mod: HP is shown in percentages\n|rule|Endless Battle Clause: Forcing endless battles is banned\n|rule|Species Clause: Limit one of each Pok\u00e9mon\n|rule|OHKO Clause: OHKO moves are banned\n|rule|Evasion Items Clause: Evasion items are banned\n|rule|Evasion Moves Clause: Evasion moves are banned\n|rule|Evasion Abilities Clause: Evasion abilities are banned\n|rule|Sleep Moves Clause: Sleep-inducing moves are banned\n|clearpoke\n|poke|p1|Great Tusk|\n|poke|p1|Gholdengo|\n|poke|p1|Raging Bolt|\n|poke|p1|Iron Valiant|\n|poke|p1|Ogerpon-Wellspring, F|\n|poke|p1|Kingambit, M|\n|poke|p2|Iron Crown|\n|poke|p2|Meowscarada, F|\n|poke|p2|Great Tusk|\n|poke|p2|Pecharunt|\n|poke|p2|Ting-Lu|\n|poke|p2|Iron Valiant|\n|teampreview\n|inactive|Battle timer is ON: inactive players will automatically lose when time's up. (requested by MouseG)\n|inactive|kangarooteam1 also wants the timer to be on.\n|\n|t:|1788282569\n|teamsize|p1|6\n|teamsize|p2|6\n|start\n|switch|p1a: Ogerpon|Ogerpon-Wellspring, F|100/100\n|switch|p2a: Meowscarada|Meowscarada, F|100/100\n|turn|1\n|\n|t:|1788282594\n|switch|p1a: Kingambit|Kingambit, M|100/100\n|move|p2a: Meowscarada|U-turn|p1a: Kingambit\n|-start|p2a: Meowscarada|typechange|Bug|[from] ability: Protean\n|-damage|p1a: Kingambit|66/100\n|\n|t:|1788282602\n|switch|p2a: Great Tusk|Great Tusk|100/100|[from] U-turn\n|\n|-heal|p1a: Kingambit|72/100|[from] item: Leftovers\n|upkeep\n|turn|2\n|\n|t:|1788282608\n|-end|p1a: Kingambit|fallenundefined|[silent]\n|switch|p1a: Gholdengo|Gholdengo|100/100\n|-item|p1a: Gholdengo|Air Balloon\n|move|p2a: Great Tusk|Ice Spinner|p1a: Gholdengo\n|-resisted|p1a: Gholdengo\n|-damage|p1a: Gholdengo|88/100\n|-enditem|p1a: Gholdengo|Air Balloon\n|\n|upkeep\n|turn|3\n|\n|t:|1788282612\n|switch|p1a: Great Tusk|Great Tusk|100/100\n|move|p2a: Great Tusk|Headlong Rush|p1a: Great Tusk\n|-damage|p1a: Great Tusk|73/100\n|-unboost|p2a: Great Tusk|def|1\n|-unboost|p2a: Great Tusk|spd|1\n|\n|-heal|p1a: Great Tusk|80/100|[from] item: Leftovers\n|upkeep\n|turn|4\n|\n|t:|1788282622\n|move|p2a: Great Tusk|Bulk Up|p2a: Great Tusk\n|-boost|p2a: Great Tusk|atk|1\n|-boost|p2a: Great Tusk|def|1\n|move|p1a: Great Tusk|Earthquake|p2a: Great Tusk\n|-damage|p2a: Great Tusk|75/100\n|\n|-heal|p2a: Great Tusk|81/100|[from] item: Leftovers\n|-heal|p1a: Great Tusk|86/100|[from] item: Leftovers\n|upkeep\n|turn|5\n|\n|t:|1788282625\n|-end|p1a: Great Tusk|Protosynthesis|[silent]\n|switch|p1a: Iron Valiant|Iron Valiant|100/100\n|-enditem|p1a: Iron Valiant|Booster Energy\n|-activate|p1a: Iron Valiant|ability: Quark Drive|[fromitem]\n|-start|p1a: Iron Valiant|quarkdrivespe\n|move|p2a: Great Tusk|Bulk Up|p2a: Great Tusk\n|-boost|p2a: Great Tusk|atk|1\n|-boost|p2a: Great Tusk|def|1\n|\n|-heal|p2a: Great Tusk|87/100|[from] item: Leftovers\n|upkeep\n|turn|6\n|\n|t:|1788282630\n|-end|p2a: Great Tusk|Protosynthesis|[silent]\n|switch|p2a: Ting-Lu|Ting-Lu|100/100\n|-ability|p2a: Ting-Lu|Vessel of Ruin\n|move|p1a: Iron Valiant|Moonblast|p2a: Ting-Lu\n|-supereffective|p2a: Ting-Lu\n|-damage|p2a: Ting-Lu|63/100\n|\n|-heal|p2a: Ting-Lu|69/100|[from] item: Leftovers\n|upkeep\n|turn|7\n|\n|t:|1788282636\n|move|p1a: Iron Valiant|Moonblast|p2a: Ting-Lu\n|-supereffective|p2a: Ting-Lu\n|-damage|p2a: Ting-Lu|32/100\n|-unboost|p2a: Ting-Lu|spa|1\n|move|p2a: Ting-Lu|Whirlwind|p1a: Iron Valiant\n|-end|p1a: Iron Valiant|Quark Drive|[silent]\n|drag|p1a: Ogerpon|Ogerpon-Wellspring, F|100/100\n|\n|-heal|p2a: Ting-Lu|38/100|[from] item: Leftovers\n|upkeep\n|turn|8\n|\n|t:|1788282639\n|switch|p2a: Pecharunt|Pecharunt|100/100\n|move|p1a: Ogerpon|Ivy Cudgel|p2a: Pecharunt|[anim] Ivy Cudgel Water\n|-damage|p2a: Pecharunt|74/100\n|\n|upkeep\n|turn|9\n|\n|t:|1788282643\n|move|p1a: Ogerpon|U-turn|p2a: Pecharunt\n|-resisted|p2a: Pecharunt\n|-damage|p2a: Pecharunt|70/100\n|\n|t:|1788282644\n|switch|p1a: Gholdengo|Gholdengo|88/100|[from] U-turn\n|move|p2a: Pecharunt|Parting Shot|p1a: Gholdengo\n|-immune|p1a: Gholdengo|[from] ability: Good as Gold\n|\n|upkeep\n|turn|10\n|\n|t:|1788282649\n|move|p1a: Gholdengo|Nasty Plot|p1a: Gholdengo\n|-boost|p1a: Gholdengo|spa|2\n|move|p2a: Pecharunt|Hex|p1a: Gholdengo\n|-supereffective|p1a: Gholdengo\n|-damage|p1a: Gholdengo|44/100\n|\n|upkeep\n|turn|11\n|\n|t:|1788282652\n|switch|p2a: Ting-Lu|Ting-Lu|38/100\n|-ability|p2a: Ting-Lu|Vessel of Ruin\n|move|p1a: Gholdengo|Recover|p1a: Gholdengo\n|-heal|p1a: Gholdengo|94/100\n|\n|-heal|p2a: Ting-Lu|44/100|[from] item: Leftovers\n|upkeep\n|turn|12\n|\n|t:|1788282658\n|move|p1a: Gholdengo|Make It Rain|p2a: Ting-Lu\n|-damage|p2a: Ting-Lu|0 fnt\n|-unboost|p1a: Gholdengo|spa|1\n|faint|p2a: Ting-Lu\n|\n|upkeep\n|\n|t:|1788282664\n|switch|p2a: Meowscarada|Meowscarada, F|100/100\n|turn|13\n|\n|t:|1788282666\n|move|p2a: Meowscarada|Knock Off|p1a: Gholdengo\n|-start|p2a: Meowscarada|typechange|Dark|[from] ability: Protean\n|-supereffective|p1a: Gholdengo\n|-damage|p1a: Gholdengo|0 fnt\n|faint|p1a: Gholdengo\n|\n|upkeep\n|\n|t:|1788282667\n|switch|p1a: Raging Bolt|Raging Bolt|100/100\n|turn|14\n|\n|t:|1788282681\n|switch|p2a: Great Tusk|Great Tusk|87/100\n|move|p1a: Raging Bolt|Dragon Pulse|p2a: Great Tusk\n|-damage|p2a: Great Tusk|18/100\n|\n|-heal|p2a: Great Tusk|24/100|[from] item: Leftovers\n|upkeep\n|turn|15\n|\n|t:|1788282689\n|-end|p1a: Raging Bolt|Protosynthesis|[silent]\n|switch|p1a: Great Tusk|Great Tusk|86/100\n|move|p2a: Great Tusk|Headlong Rush|p1a: Great Tusk\n|-damage|p1a: Great Tusk|56/100\n|-unboost|p2a: Great Tusk|def|1\n|-unboost|p2a: Great Tusk|spd|1\n|\n|-heal|p2a: Great Tusk|30/100|[from] item: Leftovers\n|-heal|p1a: Great Tusk|63/100|[from] item: Leftovers\n|upkeep\n|turn|16\n|\n|t:|1788282696\n|-end|p2a: Great Tusk|Protosynthesis|[silent]\n|switch|p2a: Meowscarada|Meowscarada, F|100/100\n|move|p1a: Great Tusk|Earthquake|p2a: Meowscarada\n|-resisted|p2a: Meowscarada\n|-damage|p2a: Meowscarada|66/100\n|\n|-heal|p1a: Great Tusk|69/100|[from] item: Leftovers\n|upkeep\n|turn|17\n|\n|t:|1788282704\n|-end|p1a: Great Tusk|Protosynthesis|[silent]\n|switch|p1a: Kingambit|Kingambit, M|72/100\n|-activate|p1a: Kingambit|ability: Supreme Overlord\n|-start|p1a: Kingambit|fallen1|[silent]\n|move|p2a: Meowscarada|Flower Trick|p1a: Kingambit\n|-start|p2a: Meowscarada|typechange|Grass|[from] ability: Protean\n|-resisted|p1a: Kingambit\n|-crit|p1a: Kingambit\n|-damage|p1a: Kingambit|45/100\n|\n|-heal|p1a: Kingambit|51/100|[from] item: Leftovers\n|upkeep\n|turn|18\n|\n|t:|1788282709\n|switch|p2a: Great Tusk|Great Tusk|30/100\n|move|p1a: Kingambit|Iron Head|p2a: Great Tusk\n|-damage|p2a: Great Tusk|0 fnt\n|faint|p2a: Great Tusk\n|-end|p2a: Great Tusk|Protosynthesis|[silent]\n|\n|-heal|p1a: Kingambit|58/100|[from] item: Leftovers\n|upkeep\n|\n|t:|1788282717\n|switch|p2a: Iron Valiant|Iron Valiant|100/100\n|-enditem|p2a: Iron Valiant|Booster Energy\n|-activate|p2a: Iron Valiant|ability: Quark Drive|[fromitem]\n|-start|p2a: Iron Valiant|quarkdrivespe\n|turn|19\n|\n|t:|1788282722\n|move|p2a: Iron Valiant|Close Combat|p1a: Kingambit\n|-supereffective|p1a: Kingambit\n|-damage|p1a: Kingambit|0 fnt\n|-unboost|p2a: Iron Valiant|def|1\n|-unboost|p2a: Iron Valiant|spd|1\n|faint|p1a: Kingambit\n|-end|p1a: Kingambit|fallen1|[silent]\n|\n|upkeep\n|\n|t:|1788282724\n|switch|p1a: Raging Bolt|Raging Bolt|100/100\n|turn|20\n|\n|t:|1788282731\n|-end|p2a: Iron Valiant|Quark Drive|[silent]\n|switch|p2a: Meowscarada|Meowscarada, F|66/100\n|move|p1a: Raging Bolt|Thunderbolt|p2a: Meowscarada\n|-resisted|p2a: Meowscarada\n|-damage|p2a: Meowscarada|22/100\n|\n|upkeep\n|turn|21\n|\n|t:|1788282737\n|move|p1a: Raging Bolt|Thunderclap|p2a: Meowscarada\n|-resisted|p2a: Meowscarada\n|-damage|p2a: Meowscarada|0 fnt\n|faint|p2a: Meowscarada\n|\n|upkeep\n|\n|t:|1788282740\n|switch|p2a: Iron Crown|Iron Crown|100/100\n|turn|22\n|\n|t:|1788282742\n|move|p2a: Iron Crown|Psychic Noise|p1a: Raging Bolt\n|-damage|p1a: Raging Bolt|53/100\n|-start|p1a: Raging Bolt|move: Heal Block\n|move|p1a: Raging Bolt|Calm Mind|p1a: Raging Bolt\n|-boost|p1a: Raging Bolt|spa|1\n|-boost|p1a: Raging Bolt|spd|1\n|\n|upkeep\n|turn|23\n|\n|t:|1788282748\n|move|p2a: Iron Crown|Psychic Noise|p1a: Raging Bolt\n|-damage|p1a: Raging Bolt|23/100\n|move|p1a: Raging Bolt|Thunderbolt|p2a: Iron Crown\n|-damage|p2a: Iron Crown|19/100\n|\n|-end|p1a: Raging Bolt|move: Heal Block\n|upkeep\n|turn|24\n|\n|t:|1788282752\n|move|p1a: Raging Bolt|Thunderclap|p2a: Iron Crown\n|-damage|p2a: Iron Crown|0 fnt\n|faint|p2a: Iron Crown\n|-end|p2a: Iron Crown|Quark Drive|[silent]\n|\n|-heal|p1a: Raging Bolt|29/100|[from] item: Leftovers\n|upkeep\n|\n|t:|1788282754\n|switch|p2a: Iron Valiant|Iron Valiant|100/100\n|turn|25\n|\n|t:|1788282757\n|move|p1a: Raging Bolt|Thunderclap|p2a: Iron Valiant\n|-damage|p2a: Iron Valiant|0 fnt\n|faint|p2a: Iron Valiant\n|-end|p2a: Iron Valiant|Quark Drive|[silent]\n|\n|-heal|p1a: Raging Bolt|35/100|[from] item: Leftovers\n|upkeep\n|\n|t:|1788282758\n|switch|p2a: Pecharunt|Pecharunt|70/100\n|turn|26\n|\n|t:|1788282760\n|move|p2a: Pecharunt|Malignant Chain|p1a: Raging Bolt\n|-damage|p1a: Raging Bolt|18/100\n|move|p1a: Raging Bolt|Thunderbolt|p2a: Pecharunt\n|-damage|p2a: Pecharunt|0 fnt\n|faint|p2a: Pecharunt\n|\n|win|kangarooteam1\n|raw|kangarooteam1's rating: 1524 &rarr; <strong>1541</strong><br />(+17 for winning)\n|raw|MouseG's rating: 1463 &rarr; <strong>1446</strong><br />(-17 for losing)\n", "uploadtime": 1788282761, "views": "0", "formatid": "gen9ou", "rating": 1446, "private": 0, "password": null}