{"id": "gen9ou-2673872787", "format": "[Gen 9] OU", "players": ["PR*SSS", "BlackStar150520"], "log": "|j|\u2606PR*SSS\n|j|\u2606BlackStar150520\n|t:|1788271422\n|gametype|singles\n|player|p1|PR*SSS|psychic-gen2|1663\n|player|p2|BlackStar150520|unknown|1625\n|gen|9\n|tier|[Gen 9] OU\n|rated|\n|rule|HP Percentage Mod: HP is shown in percentages\n|rule|Endless Battle Clause: Forcing endless battles is banned\n|rule|Species Clause: Limit one of each Pok\u00e9mon\n|rule|OHKO Clause: OHKO moves are banned\n|rule|Evasion Items Clause: Evasion items are banned\n|rule|Evasion Moves Clause: Evasion moves are banned\n|rule|Evasion Abilities Clause: Evasion abilities are banned\n|rule|Sleep Moves Clause: Sleep-inducing moves are banned\n|clearpoke\n|poke|p1|Deoxys-Speed|\n|poke|p1|Dragonite, F|\n|poke|p1|Great Tusk|\n|poke|p1|Gholdengo|\n|poke|p1|Samurott-Hisui, M|\n|poke|p1|Cresselia, F|\n|poke|p2|Kingambit, M|\n|poke|p2|Iron Valiant|\n|poke|p2|Cinderace, F|\n|poke|p2|Raging Bolt|\n|poke|p2|Ogerpon-Wellspring, F|\n|poke|p2|Garchomp, F|\n|teampreview\n|inactive|Battle timer is ON: inactive players will automatically lose when time's up. (requested by BlackStar150520)\n|j| Sashannarcy\n|\n|t:|1788271434\n|teamsize|p1|6\n|teamsize|p2|6\n|start\n|switch|p1a: Samurott|Samurott-Hisui, M|100/100\n|switch|p2a: \ud83c\udfad|Ogerpon-Wellspring, F|100/100\n|turn|1\n|\n|t:|1788271452\n|move|p2a: \ud83c\udfad|U-turn|p1a: Samurott\n|-supereffective|p1a: Samurott\n|-damage|p1a: Samurott|36/100\n|\n|t:|1788271455\n|switch|p2a: \ud83e\udd88|Garchomp, F, shiny|100/100|[from] U-turn\n|move|p1a: Samurott|Ceaseless Edge|p2a: \ud83e\udd88\n|-damage|p2a: \ud83e\udd88|61/100\n|-damage|p1a: Samurott|23/100|[from] ability: Rough Skin|[of] p2a: \ud83e\udd88\n|-sidestart|p2: BlackStar150520|Spikes\n|\n|upkeep\n|turn|2\n|\n|t:|1788271482\n|move|p1a: Samurott|Sucker Punch|p2a: \ud83e\udd88\n|-damage|p2a: \ud83e\udd88|30/100\n|-damage|p1a: Samurott|11/100|[from] ability: Rough Skin|[of] p2a: \ud83e\udd88\n|move|p2a: \ud83e\udd88|Earthquake|p1a: Samurott\n|-crit|p1a: Samurott\n|-damage|p1a: Samurott|0 fnt\n|faint|p1a: Samurott\n|-damage|p2a: \ud83e\udd88|21/100|[from] item: Life Orb\n|\n|upkeep\n|\n|t:|1788271488\n|switch|p1a: Deoxys|Deoxys-Speed|100/100\n|-ability|p1a: Deoxys|Pressure\n|turn|3\n|\n|t:|1788271503\n|move|p1a: Deoxys|Focus Blast|p2a: \ud83e\udd88\n|-damage|p2a: \ud83e\udd88|0 fnt\n|faint|p2a: \ud83e\udd88\n|-damage|p1a: Deoxys|91/100|[from] item: Life Orb\n|\n|upkeep\n|j| Slashutu\n|l| Slashutu\n|\n|t:|1788271512\n|switch|p2a: \ud83c\udfad|Ogerpon-Wellspring, F|100/100\n|-damage|p2a: \ud83c\udfad|88/100|[from] Spikes\n|turn|4\n|\n|t:|1788271525\n|switch|p2a: Aizen\ud83d\udde1\ufe0f|Kingambit, M, shiny|100/100\n|-damage|p2a: Aizen\ud83d\udde1\ufe0f|88/100|[from] Spikes\n|-activate|p2a: Aizen\ud83d\udde1\ufe0f|ability: Supreme Overlord\n|-start|p2a: Aizen\ud83d\udde1\ufe0f|fallen1|[silent]\n|move|p1a: Deoxys|Psycho Boost|p2a: Aizen\ud83d\udde1\ufe0f\n|-immune|p2a: Aizen\ud83d\udde1\ufe0f\n|\n|-heal|p2a: Aizen\ud83d\udde1\ufe0f|94/100|[from] item: Leftovers\n|upkeep\n|turn|5\n|\n|t:|1788271530\n|switch|p1a: Great Tusk|Great Tusk|100/100\n|move|p2a: Aizen\ud83d\udde1\ufe0f|Sucker Punch||[still]\n|-fail|p2a: Aizen\ud83d\udde1\ufe0f\n|\n|-heal|p2a: Aizen\ud83d\udde1\ufe0f|99/100|[from] item: Leftovers\n|upkeep\n|turn|6\n|\n|t:|1788271537\n|-end|p2a: Aizen\ud83d\udde1\ufe0f|fallen1|[silent]\n|switch|p2a: \ud83c\udfad|Ogerpon-Wellspring, F|88/100\n|-damage|p2a: \ud83c\udfad|76/100|[from] Spikes\n|move|p1a: Great Tusk|Headlong Rush|p2a: \ud83c\udfad\n|-resisted|p2a: \ud83c\udfad\n|-damage|p2a: \ud83c\udfad|42/100\n|-unboost|p1a: Great Tusk|def|1\n|-unboost|p1a: Great Tusk|spd|1\n|\n|upkeep\n|turn|7\n|\n|t:|1788271551\n|-end|p1a: Great Tusk|Protosynthesis|[silent]\n|switch|p1a: Gholdengo|Gholdengo|100/100\n|move|p2a: \ud83c\udfad|Ivy Cudgel|p1a: Gholdengo|[anim] Ivy Cudgel Water\n|-damage|p1a: Gholdengo|37/100\n|\n|upkeep\n|turn|8\n|\n|t:|1788271559\n|move|p1a: Gholdengo|Shadow Ball|p2a: \ud83c\udfad\n|-damage|p2a: \ud83c\udfad|0 fnt\n|faint|p2a: \ud83c\udfad\n|\n|upkeep\n|\n|t:|1788271561\n|switch|p2a: BunnyGirlSenpai|Cinderace, F|100/100\n|turn|9\n|\n|t:|1788271569\n|move|p1a: Gholdengo|Shadow Ball|p2a: BunnyGirlSenpai\n|-damage|p2a: BunnyGirlSenpai|46/100\n|-unboost|p2a: BunnyGirlSenpai|spd|1\n|move|p2a: BunnyGirlSenpai|Court Change|p2a: BunnyGirlSenpai\n|-swapsideconditions\n|-activate|p2a: BunnyGirlSenpai|move: Court Change\n|\n|upkeep\n|turn|10\n|\n|t:|1788271586\n|switch|p2a: Aizen\ud83d\udde1\ufe0f|Kingambit, M, shiny|99/100\n|-activate|p2a: Aizen\ud83d\udde1\ufe0f|ability: Supreme Overlord\n|-start|p2a: Aizen\ud83d\udde1\ufe0f|fallen2|[silent]\n|move|p1a: Gholdengo|Shadow Ball|p2a: Aizen\ud83d\udde1\ufe0f\n|-resisted|p2a: Aizen\ud83d\udde1\ufe0f\n|-damage|p2a: Aizen\ud83d\udde1\ufe0f|78/100\n|-unboost|p2a: Aizen\ud83d\udde1\ufe0f|spd|1\n|\n|-heal|p2a: Aizen\ud83d\udde1\ufe0f|84/100|[from] item: Leftovers\n|upkeep\n|turn|11\n|\n|t:|1788271590\n|switch|p1a: Great Tusk|Great Tusk|100/100\n|-damage|p1a: Great Tusk|88/100|[from] Spikes\n|move|p2a: Aizen\ud83d\udde1\ufe0f|Iron Head|p1a: Great Tusk\n|-damage|p1a: Great Tusk|53/100\n|-damage|p2a: Aizen\ud83d\udde1\ufe0f|67/100|[from] item: Rocky Helmet|[of] p1a: Great Tusk\n|\n|-heal|p2a: Aizen\ud83d\udde1\ufe0f|73/100|[from] item: Leftovers\n|upkeep\n|turn|12\n|\n|t:|1788271598\n|-end|p2a: Aizen\ud83d\udde1\ufe0f|fallen2|[silent]\n|switch|p2a: Hero|Iron Valiant|100/100\n|-enditem|p2a: Hero|Booster Energy\n|-activate|p2a: Hero|ability: Quark Drive|[fromitem]\n|-start|p2a: Hero|quarkdrivespe\n|move|p1a: Great Tusk|Rapid Spin|p2a: Hero\n|-damage|p2a: Hero|83/100\n|-boost|p1a: Great Tusk|spe|1\n|-sideend|p1: PR*SSS|Spikes|[from] move: Rapid Spin|[of] p1a: Great Tusk\n|\n|upkeep\n|turn|13\n|\n|t:|1788271606\n|-end|p1a: Great Tusk|Protosynthesis|[silent]\n|switch|p1a: Cresselia|Cresselia, F|100/100\n|move|p2a: Hero|Moonblast|p1a: Cresselia\n|-damage|p1a: Cresselia|68/100\n|\n|-heal|p1a: Cresselia|74/100|[from] item: Leftovers\n|upkeep\n|turn|14\n|\n|t:|1788271622\n|move|p2a: Hero|Calm Mind|p2a: Hero\n|-boost|p2a: Hero|spa|1\n|-boost|p2a: Hero|spd|1\n|move|p1a: Cresselia|Thunderbolt|p2a: Hero\n|-damage|p2a: Hero|55/100\n|\n|-heal|p1a: Cresselia|80/100|[from] item: Leftovers\n|upkeep\n|turn|15\n|\n|t:|1788271640\n|move|p2a: Hero|Shadow Ball|p1a: Cresselia\n|-supereffective|p1a: Cresselia\n|-damage|p1a: Cresselia|25/100\n|move|p1a: Cresselia|Thunderbolt|p2a: Hero\n|-damage|p2a: Hero|28/100\n|\n|-heal|p1a: Cresselia|31/100|[from] item: Leftovers\n|upkeep\n|turn|16\n|\n|t:|1788271651\n|move|p2a: Hero|Shadow Ball|p1a: Cresselia\n|-supereffective|p1a: Cresselia\n|-damage|p1a: Cresselia|0 fnt\n|faint|p1a: Cresselia\n|\n|upkeep\n|\n|t:|1788271656\n|switch|p1a: Dragonite|Dragonite, F|100/100\n|turn|17\n|\n|t:|1788271660\n|-terastallize|p2a: Hero|Ghost\n|move|p1a: Dragonite|Extreme Speed|p2a: Hero\n|-immune|p2a: Hero\n|move|p2a: Hero|Moonblast|p1a: Dragonite\n|-supereffective|p1a: Dragonite\n|-damage|p1a: Dragonite|32/100\n|\n|upkeep\n|turn|18\n|\n|t:|1788271662\n|-terastallize|p1a: Dragonite|Fire\n|move|p2a: Hero|Moonblast|p1a: Dragonite\n|-resisted|p1a: Dragonite\n|-damage|p1a: Dragonite|0 fnt\n|faint|p1a: Dragonite\n|\n|upkeep\n|l| Sashannarcy\n|\n|t:|1788271667\n|switch|p1a: Deoxys|Deoxys-Speed|91/100\n|-ability|p1a: Deoxys|Pressure\n|turn|19\n|\n|t:|1788271672\n|move|p2a: Hero|Shadow Ball|p1a: Deoxys\n|-supereffective|p1a: Deoxys\n|-damage|p1a: Deoxys|0 fnt\n|faint|p1a: Deoxys\n|\n|upkeep\n|-message|PR*SSS forfeited.\n|\n|win|BlackStar150520\n|raw|PR*SSS's rating: 1663 &rarr; <strong>1641</strong><br />(-22 for losing)\n|raw|BlackStar150520's rating: 1625 &rarr; <strong>1647</strong><br />(+22 for winning)\n|l|\u2606PR*SSS\n|player|p1|\n|j| Sashannarcy\n|l|\u2606BlackStar150520\n|player|p2|\n|l| Sashannarcy\n", "uploadtime": 1788271697, "views": "0", "formatid": "gen9ou", "rating": 1641, "private": 0, "password": null}