{"id": "gen9ou-2674013410", "format": "[Gen 9] OU", "players": ["Prav33n", "kangarooteam1"], "log": "|j|\u2606Prav33n\n|j|\u2606kangarooteam1\n|t:|1788288203\n|gametype|singles\n|player|p1|Prav33n|koga|1611\n|player|p2|kangarooteam1|1|1658\n|gen|9\n|tier|[Gen 9] OU\n|rated|\n|rule|HP Percentage Mod: HP is shown in percentages\n|rule|Endless Battle Clause: Forcing endless battles is banned\n|rule|Species Clause: Limit one of each Pok\u00e9mon\n|rule|OHKO Clause: OHKO moves are banned\n|rule|Evasion Items Clause: Evasion items are banned\n|rule|Evasion Moves Clause: Evasion moves are banned\n|rule|Evasion Abilities Clause: Evasion abilities are banned\n|rule|Sleep Moves Clause: Sleep-inducing moves are banned\n|clearpoke\n|poke|p1|Samurott-Hisui, F|\n|poke|p1|Gholdengo|\n|poke|p1|Gliscor, M|\n|poke|p1|Zamazenta-*|\n|poke|p1|Kyurem|\n|poke|p1|Glimmora, M|\n|poke|p2|Great Tusk|\n|poke|p2|Gholdengo|\n|poke|p2|Raging Bolt|\n|poke|p2|Iron Valiant|\n|poke|p2|Ogerpon-Wellspring, F|\n|poke|p2|Kingambit, F|\n|teampreview\n|inactive|Battle timer is ON: inactive players will automatically lose when time's up. (requested by kangarooteam1)\n|\n|t:|1788288236\n|teamsize|p1|6\n|teamsize|p2|6\n|start\n|switch|p1a: Kyurem|Kyurem, shiny|100/100\n|switch|p2a: Gholdengo|Gholdengo|100/100\n|-item|p2a: Gholdengo|Air Balloon\n|-ability|p1a: Kyurem|Pressure\n|turn|1\n|\n|t:|1788288239\n|switch|p1a: Samurott|Samurott-Hisui, F|100/100\n|move|p2a: Gholdengo|Make It Rain|p1a: Samurott\n|-resisted|p1a: Samurott\n|-damage|p1a: Samurott|56/100\n|-unboost|p2a: Gholdengo|spa|1\n|\n|upkeep\n|turn|2\n|\n|t:|1788288242\n|switch|p2a: Raging Bolt|Raging Bolt|100/100\n|move|p1a: Samurott|Razor Shell|p2a: Raging Bolt|[miss]\n|-miss|p1a: Samurott|p2a: Raging Bolt\n|\n|upkeep\n|turn|3\n|\n|t:|1788288246\n|switch|p1a: Kyurem|Kyurem, shiny|100/100\n|-ability|p1a: Kyurem|Pressure\n|move|p2a: Raging Bolt|Dragon Pulse|p1a: Kyurem\n|-supereffective|p1a: Kyurem\n|-damage|p1a: Kyurem|48/100\n|\n|upkeep\n|turn|4\n|\n|t:|1788288248\n|move|p1a: Kyurem|Ice Beam|p2a: Raging Bolt\n|-supereffective|p2a: Raging Bolt\n|-damage|p2a: Raging Bolt|22/100\n|move|p2a: Raging Bolt|Dragon Pulse|p1a: Kyurem\n|-supereffective|p1a: Kyurem\n|-damage|p1a: Kyurem|0 fnt\n|faint|p1a: Kyurem\n|\n|-heal|p2a: Raging Bolt|29/100|[from] item: Leftovers\n|upkeep\n|\n|t:|1788288251\n|switch|p1a: Samurott|Samurott-Hisui, F|56/100\n|turn|5\n|\n|t:|1788288259\n|switch|p1a: Gliscor|Gliscor, M|100/100\n|move|p2a: Raging Bolt|Thunderclap||[still]\n|-fail|p2a: Raging Bolt\n|\n|-heal|p2a: Raging Bolt|35/100|[from] item: Leftovers\n|-status|p1a: Gliscor|tox|[from] item: Toxic Orb\n|upkeep\n|turn|6\n|\n|t:|1788288263\n|-end|p2a: Raging Bolt|Protosynthesis|[silent]\n|switch|p2a: Gholdengo|Gholdengo|100/100\n|-item|p2a: Gholdengo|Air Balloon\n|move|p1a: Gliscor|Swords Dance|p1a: Gliscor\n|-boost|p1a: Gliscor|atk|2\n|\n|upkeep\n|turn|7\n|\n|t:|1788288267\n|move|p1a: Gliscor|Swords Dance|p1a: Gliscor\n|-boost|p1a: Gliscor|atk|2\n|move|p2a: Gholdengo|Nasty Plot|p2a: Gholdengo\n|-boost|p2a: Gholdengo|spa|2\n|\n|upkeep\n|turn|8\n|\n|t:|1788288289\n|move|p1a: Gliscor|Knock Off|p2a: Gholdengo\n|-supereffective|p2a: Gholdengo\n|-damage|p2a: Gholdengo|0 fnt\n|-enditem|p2a: Gholdengo|Air Balloon\n|faint|p2a: Gholdengo\n|\n|upkeep\n|\n|t:|1788288291\n|switch|p2a: Kingambit|Kingambit, F|100/100\n|-activate|p2a: Kingambit|ability: Supreme Overlord\n|-start|p2a: Kingambit|fallen1|[silent]\n|turn|9\n|\n|t:|1788288300\n|-terastallize|p1a: Gliscor|Normal\n|move|p1a: Gliscor|Facade|p2a: Kingambit\n|-resisted|p2a: Kingambit\n|-damage|p2a: Kingambit|51/100\n|move|p2a: Kingambit|Swords Dance|p2a: Kingambit\n|-boost|p2a: Kingambit|atk|2\n|\n|-heal|p2a: Kingambit|57/100|[from] item: Leftovers\n|upkeep\n|turn|10\n|\n|t:|1788288305\n|switch|p1a: Glimmora|Glimmora, M|100/100\n|move|p2a: Kingambit|Kowtow Cleave|p1a: Glimmora\n|-damage|p1a: Glimmora|9/100\n|-activate|p1a: Glimmora|ability: Toxic Debris\n|-sidestart|p2: kangarooteam1|move: Toxic Spikes\n|-enditem|p1a: Glimmora|Red Card|[of] p2a: Kingambit\n|-end|p2a: Kingambit|fallen1|[silent]\n|drag|p2a: Raging Bolt|Raging Bolt|35/100\n|-status|p2a: Raging Bolt|psn\n|\n|-heal|p2a: Raging Bolt|41/100 psn|[from] item: Leftovers\n|-damage|p2a: Raging Bolt|29/100 psn|[from] psn\n|upkeep\n|turn|11\n|\n|t:|1788288308\n|-end|p2a: Raging Bolt|Protosynthesis|[silent]\n|switch|p2a: Great Tusk|Great Tusk|100/100\n|-status|p2a: Great Tusk|psn\n|move|p1a: Glimmora|Stealth Rock|p2a: Great Tusk\n|-sidestart|p2: kangarooteam1|move: Stealth Rock\n|\n|-damage|p2a: Great Tusk|88/100 psn|[from] psn\n|upkeep\n|turn|12\n|\n|t:|1788288310\n|switch|p1a: Gholdengo|Gholdengo|100/100\n|move|p2a: Great Tusk|Rapid Spin|p1a: Gholdengo\n|-immune|p1a: Gholdengo\n|\n|-heal|p2a: Great Tusk|94/100 psn|[from] item: Leftovers\n|-damage|p2a: Great Tusk|82/100 psn|[from] psn\n|upkeep\n|turn|13\n|\n|t:|1788288317\n|-end|p2a: Great Tusk|Protosynthesis|[silent]\n|switch|p2a: Kingambit|Kingambit, F|57/100\n|-damage|p2a: Kingambit|51/100|[from] Stealth Rock\n|-activate|p2a: Kingambit|ability: Supreme Overlord\n|-start|p2a: Kingambit|fallen1|[silent]\n|move|p1a: Gholdengo|Make It Rain|p2a: Kingambit\n|-resisted|p2a: Kingambit\n|-damage|p2a: Kingambit|19/100\n|-unboost|p1a: Gholdengo|spa|1\n|\n|-heal|p2a: Kingambit|25/100|[from] item: Leftovers\n|upkeep\n|turn|14\n|\n|t:|1788288319\n|switch|p1a: Glimmora|Glimmora, M|9/100\n|move|p2a: Kingambit|Swords Dance|p2a: Kingambit\n|-boost|p2a: Kingambit|atk|2\n|\n|-heal|p2a: Kingambit|32/100|[from] item: Leftovers\n|upkeep\n|turn|15\n|\n|t:|1788288322\n|move|p2a: Kingambit|Sucker Punch|p1a: Glimmora\n|-damage|p1a: Glimmora|0 fnt\n|-activate|p1a: Glimmora|ability: Toxic Debris\n|-sidestart|p2: kangarooteam1|move: Toxic Spikes\n|faint|p1a: Glimmora\n|\n|-heal|p2a: Kingambit|38/100|[from] item: Leftovers\n|upkeep\n|\n|t:|1788288325\n|switch|p1a: Zamazenta|Zamazenta|100/100\n|-ability|p1a: Zamazenta|Dauntless Shield|boost\n|-boost|p1a: Zamazenta|def|1\n|turn|16\n|\n|t:|1788288327\n|move|p1a: Zamazenta|Body Press|p2a: Kingambit\n|-supereffective|p2a: Kingambit\n|-damage|p2a: Kingambit|0 fnt\n|faint|p2a: Kingambit\n|-end|p2a: Kingambit|fallen1|[silent]\n|\n|upkeep\n|\n|t:|1788288329\n|switch|p2a: Great Tusk|Great Tusk|82/100 psn\n|-damage|p2a: Great Tusk|79/100 psn|[from] Stealth Rock\n|turn|17\n|\n|t:|1788288358\n|switch|p1a: Gholdengo|Gholdengo|100/100\n|move|p2a: Great Tusk|Rapid Spin|p1a: Gholdengo\n|-immune|p1a: Gholdengo\n|\n|-heal|p2a: Great Tusk|85/100 psn|[from] item: Leftovers\n|-damage|p2a: Great Tusk|73/100 psn|[from] psn\n|upkeep\n|turn|18\n|\n|t:|1788288361\n|-terastallize|p2a: Great Tusk|Steel\n|move|p1a: Gholdengo|Make It Rain|p2a: Great Tusk\n|-resisted|p2a: Great Tusk\n|-damage|p2a: Great Tusk|29/100 psn\n|-unboost|p1a: Gholdengo|spa|1\n|move|p2a: Great Tusk|Earthquake|p1a: Gholdengo\n|-supereffective|p1a: Gholdengo\n|-enditem|p1a: Gholdengo|Shuca Berry|[eat]\n|-enditem|p1a: Gholdengo|Shuca Berry|[weaken]\n|-damage|p1a: Gholdengo|54/100\n|\n|-heal|p2a: Great Tusk|35/100 psn|[from] item: Leftovers\n|-damage|p2a: Great Tusk|23/100 psn|[from] psn\n|upkeep\n|turn|19\n|\n|t:|1788288363\n|move|p1a: Gholdengo|Shadow Ball|p2a: Great Tusk\n|-damage|p2a: Great Tusk|0 fnt\n|faint|p2a: Great Tusk\n|-end|p2a: Great Tusk|Protosynthesis|[silent]\n|\n|upkeep\n|\n|t:|1788288365\n|switch|p2a: Raging Bolt|Raging Bolt|29/100 psn\n|-damage|p2a: Raging Bolt|16/100 psn|[from] Stealth Rock\n|turn|20\n|\n|t:|1788288367\n|move|p1a: Gholdengo|Shadow Ball|p2a: Raging Bolt\n|-damage|p2a: Raging Bolt|0 fnt\n|faint|p2a: Raging Bolt\n|-end|p2a: Raging Bolt|Protosynthesis|[silent]\n|\n|upkeep\n|\n|t:|1788288369\n|switch|p2a: Ogerpon|Ogerpon-Wellspring, F|100/100\n|-status|p2a: Ogerpon|tox\n|-damage|p2a: Ogerpon|88/100 tox|[from] Stealth Rock\n|turn|21\n|\n|t:|1788288371\n|switch|p1a: Samurott|Samurott-Hisui, F|56/100\n|move|p2a: Ogerpon|Ivy Cudgel|p1a: Samurott|[anim] Ivy Cudgel Water\n|-resisted|p1a: Samurott\n|-damage|p1a: Samurott|15/100\n|\n|-damage|p2a: Ogerpon|82/100 tox|[from] psn\n|upkeep\n|turn|22\n|\n|t:|1788288374\n|move|p1a: Samurott|Ceaseless Edge|p2a: Ogerpon\n|-damage|p2a: Ogerpon|27/100 tox\n|-sidestart|p2: kangarooteam1|Spikes\n|move|p2a: Ogerpon|Horn Leech|p1a: Samurott\n|-supereffective|p1a: Samurott\n|-damage|p1a: Samurott|0 fnt\n|-heal|p2a: Ogerpon|35/100 tox|[from] drain|[of] p1a: Samurott\n|faint|p1a: Samurott\n|\n|-damage|p2a: Ogerpon|23/100 tox|[from] psn\n|upkeep\n|\n|t:|1788288377\n|switch|p1a: Zamazenta|Zamazenta|100/100\n|turn|23\n|\n|t:|1788288380\n|move|p2a: Ogerpon|Horn Leech|p1a: Zamazenta\n|-damage|p1a: Zamazenta|64/100\n|-heal|p2a: Ogerpon|43/100 tox|[from] drain|[of] p1a: Zamazenta\n|move|p1a: Zamazenta|Roar|p2a: Ogerpon\n|drag|p2a: Iron Valiant|Iron Valiant|100/100\n|-status|p2a: Iron Valiant|tox\n|-damage|p2a: Iron Valiant|94/100 tox|[from] Stealth Rock\n|-damage|p2a: Iron Valiant|82/100 tox|[from] Spikes\n|-enditem|p2a: Iron Valiant|Booster Energy\n|-activate|p2a: Iron Valiant|ability: Quark Drive|[fromitem]\n|-start|p2a: Iron Valiant|quarkdrivespe\n|\n|-heal|p1a: Zamazenta|70/100|[from] item: Leftovers\n|-damage|p2a: Iron Valiant|76/100 tox|[from] psn\n|upkeep\n|turn|24\n|\n|t:|1788288384\n|move|p2a: Iron Valiant|Thunderbolt|p1a: Zamazenta\n|-damage|p1a: Zamazenta|44/100\n|move|p1a: Zamazenta|Roar|p2a: Iron Valiant\n|-end|p2a: Iron Valiant|Quark Drive|[silent]\n|drag|p2a: Ogerpon|Ogerpon-Wellspring, F|43/100 tox\n|-damage|p2a: Ogerpon|30/100 tox|[from] Stealth Rock\n|-damage|p2a: Ogerpon|18/100 tox|[from] Spikes\n|\n|-heal|p1a: Zamazenta|50/100|[from] item: Leftovers\n|-damage|p2a: Ogerpon|12/100 tox|[from] psn\n|upkeep\n|turn|25\n|\n|t:|1788288388\n|move|p1a: Zamazenta|Iron Defense|p1a: Zamazenta\n|-boost|p1a: Zamazenta|def|2\n|move|p2a: Ogerpon|Horn Leech|p1a: Zamazenta\n|-damage|p1a: Zamazenta|34/100\n|-heal|p2a: Ogerpon|21/100 tox|[from] drain|[of] p1a: Zamazenta\n|\n|-heal|p1a: Zamazenta|40/100|[from] item: Leftovers\n|-damage|p2a: Ogerpon|9/100 tox|[from] psn\n|upkeep\n|turn|26\n|\n|t:|1788288391\n|move|p1a: Zamazenta|Iron Defense|p1a: Zamazenta\n|-boost|p1a: Zamazenta|def|2\n|move|p2a: Ogerpon|Ivy Cudgel|p1a: Zamazenta|[anim] Ivy Cudgel Water\n|-damage|p1a: Zamazenta|25/100\n|\n|-heal|p1a: Zamazenta|31/100|[from] item: Leftovers\n|-damage|p2a: Ogerpon|0 fnt|[from] psn\n|faint|p2a: Ogerpon\n|upkeep\n|\n|t:|1788288392\n|switch|p2a: Iron Valiant|Iron Valiant|76/100 tox\n|-damage|p2a: Iron Valiant|69/100 tox|[from] Stealth Rock\n|-damage|p2a: Iron Valiant|57/100 tox|[from] Spikes\n|turn|27\n|\n|t:|1788288394\n|move|p1a: Zamazenta|Body Press|p2a: Iron Valiant\n|-resisted|p2a: Iron Valiant\n|-crit|p2a: Iron Valiant\n|-damage|p2a: Iron Valiant|0 fnt\n|faint|p2a: Iron Valiant\n|-end|p2a: Iron Valiant|Quark Drive|[silent]\n|\n|win|Prav33n\n|raw|Prav33n's rating: 1585 &rarr; <strong>1609</strong><br />(+24 for winning)\n|raw|kangarooteam1's rating: 1658 &rarr; <strong>1634</strong><br />(-24 for losing)\n", "uploadtime": 1788288394, "views": "0", "formatid": "gen9ou", "rating": 1609, "private": 0, "password": null}