{"id": "gen9ou-2673893133", "format": "[Gen 9] OU", "players": ["AdriMen7", "yubanmeiqin"], "log": "|j|\u2606AdriMen7\n|j|\u2606yubanmeiqin\n|t:|1788273939\n|gametype|singles\n|player|p1|AdriMen7|cheren|1396\n|player|p2|yubanmeiqin|lillie-masters2|1382\n|gen|9\n|tier|[Gen 9] OU\n|rated|\n|rule|HP Percentage Mod: HP is shown in percentages\n|rule|Endless Battle Clause: Forcing endless battles is banned\n|rule|Species Clause: Limit one of each Pok\u00e9mon\n|rule|OHKO Clause: OHKO moves are banned\n|rule|Evasion Items Clause: Evasion items are banned\n|rule|Evasion Moves Clause: Evasion moves are banned\n|rule|Evasion Abilities Clause: Evasion abilities are banned\n|rule|Sleep Moves Clause: Sleep-inducing moves are banned\n|clearpoke\n|poke|p1|Pelipper, M|\n|poke|p1|Barraskewda, M|\n|poke|p1|Raging Bolt|\n|poke|p1|Iron Treads|\n|poke|p1|Overqwil, M|\n|poke|p1|Kingambit, M|\n|poke|p2|Armarouge, M|\n|poke|p2|Iron Crown|\n|poke|p2|Indeedee, M|\n|poke|p2|Espeon, M|\n|poke|p2|Hawlucha, M|\n|poke|p2|Azumarill, F|\n|teampreview\n|inactive|Battle timer is ON: inactive players will automatically lose when time's up. (requested by AdriMen7)\n|c|\u2606AdriMen7|hello again\n|c|\u2606AdriMen7|glhf\n|\n|t:|1788273955\n|teamsize|p1|6\n|teamsize|p2|6\n|start\n|switch|p1a: PeliGOAT|Pelipper, M, shiny|100/100\n|switch|p2a: Indeedee|Indeedee, M|100/100\n|-fieldstart|move: Psychic Terrain|[from] ability: Psychic Surge|[of] p2a: Indeedee\n|-weather|RainDance|[from] ability: Drizzle|[of] p1a: PeliGOAT\n|turn|1\n|c|\u2606yubanmeiqin|hf\n|\n|t:|1788273978\n|switch|p2a: Azumarill|Azumarill, F|100/100\n|move|p1a: PeliGOAT|U-turn|p2a: Azumarill\n|-resisted|p2a: Azumarill\n|-damage|p2a: Azumarill|96/100\n|j| daisabe\u6cbc\u738b\u4fa0\n|inactive|AdriMen7 has 120 seconds left.\n|\n|t:|1788274025\n|switch|p1a: Thor|Raging Bolt|100/100|[from] U-turn\n|-enditem|p1a: Thor|Booster Energy\n|-activate|p1a: Thor|ability: Protosynthesis|[fromitem]\n|-start|p1a: Thor|protosynthesisspa\n|\n|-weather|RainDance|[upkeep]\n|upkeep\n|turn|2\n|\n|t:|1788274035\n|switch|p2a: Espeon|Espeon, M|100/100\n|move|p1a: Thor|Thunder|p2a: Espeon\n|-enditem|p2a: Espeon|Focus Sash\n|-damage|p2a: Espeon|1/100\n|-status|p2a: Espeon|par\n|\n|-weather|RainDance|[upkeep]\n|upkeep\n|turn|3\n|\n|t:|1788274044\n|move|p1a: Thor|Thunder|p2a: Espeon\n|-damage|p2a: Espeon|0 fnt\n|faint|p2a: Espeon\n|\n|-weather|RainDance|[upkeep]\n|upkeep\n|\n|t:|1788274053\n|switch|p2a: Iron Crown|Iron Crown|100/100\n|-enditem|p2a: Iron Crown|Booster Energy\n|-activate|p2a: Iron Crown|ability: Quark Drive|[fromitem]\n|-start|p2a: Iron Crown|quarkdrivespe\n|turn|4\n|\n|t:|1788274072\n|move|p2a: Iron Crown|Calm Mind|p2a: Iron Crown\n|-boost|p2a: Iron Crown|spa|1\n|-boost|p2a: Iron Crown|spd|1\n|move|p1a: Thor|Thunder|p2a: Iron Crown\n|-damage|p2a: Iron Crown|47/100\n|\n|-weather|RainDance|[upkeep]\n|upkeep\n|turn|5\n|\n|t:|1788274075\n|move|p2a: Iron Crown|Expanding Force|p1a: Thor\n|-damage|p1a: Thor|4/100\n|move|p1a: Thor|Thunder|p2a: Iron Crown\n|-damage|p2a: Iron Crown|0 fnt\n|faint|p2a: Iron Crown\n|-end|p2a: Iron Crown|Quark Drive|[silent]\n|\n|-weather|RainDance|[upkeep]\n|upkeep\n|\n|t:|1788274083\n|switch|p2a: Armarouge|Armarouge, M|100/100\n|turn|6\n|\n|t:|1788274086\n|move|p2a: Armarouge|Expanding Force|p1a: Thor\n|-damage|p1a: Thor|0 fnt\n|faint|p1a: Thor\n|-end|p1a: Thor|Protosynthesis|[silent]\n|\n|-weather|RainDance|[upkeep]\n|upkeep\n|\n|t:|1788274094\n|switch|p1a: Fihssile|Barraskewda, M, shiny|100/100\n|turn|7\n|\n|t:|1788274104\n|switch|p2a: Azumarill|Azumarill, F|96/100\n|move|p1a: Fihssile|Flip Turn|p2a: Azumarill\n|-resisted|p2a: Azumarill\n|-damage|p2a: Azumarill|57/100\n|\n|t:|1788274109\n|switch|p1a: Overfih|Overqwil, M, shiny|100/100|[from] Flip Turn\n|\n|-weather|RainDance|[upkeep]\n|upkeep\n|turn|8\n|\n|t:|1788274114\n|switch|p2a: Hawlucha|Hawlucha, M|100/100\n|-enditem|p2a: Hawlucha|Psychic Seed\n|-boost|p2a: Hawlucha|spd|1|[from] item: Psychic Seed\n|move|p1a: Overfih|Gunk Shot|p2a: Hawlucha\n|-damage|p2a: Hawlucha|0 fnt\n|faint|p2a: Hawlucha\n|-damage|p1a: Overfih|91/100|[from] item: Life Orb\n|\n|-weather|none\n|-fieldend|move: Psychic Terrain\n|upkeep\n|\n|t:|1788274121\n|switch|p2a: Armarouge|Armarouge, M|100/100\n|turn|9\n|-message|yubanmeiqin forfeited.\n|\n|win|AdriMen7\n|raw|AdriMen7's rating: 1396 &rarr; <strong>1415</strong><br />(+19 for winning)\n|raw|yubanmeiqin's rating: 1382 &rarr; <strong>1363</strong><br />(-19 for losing)\n|l|\u2606yubanmeiqin\n|player|p2|\n|l|\u2606AdriMen7\n|player|p1|\n|l| daisabe\u6cbc\u738b\u4fa0\n", "uploadtime": 1788274333, "views": "4", "formatid": "gen9ou", "rating": 1363, "private": 0, "password": null}