{"id": "gen9ou-2674056205", "format": "[Gen 9] OU", "players": ["drenna", "Thatgenyou"], "log": "|j|\u2606drenna\n|j|\u2606Thatgenyou\n|t:|1788293354\n|gametype|singles\n|player|p1|drenna|jasmine|1428\n|player|p2|Thatgenyou|170|1466\n|gen|9\n|tier|[Gen 9] OU\n|rated|\n|rule|HP Percentage Mod: HP is shown in percentages\n|rule|Endless Battle Clause: Forcing endless battles is banned\n|rule|Species Clause: Limit one of each Pok\u00e9mon\n|rule|OHKO Clause: OHKO moves are banned\n|rule|Evasion Items Clause: Evasion items are banned\n|rule|Evasion Moves Clause: Evasion moves are banned\n|rule|Evasion Abilities Clause: Evasion abilities are banned\n|rule|Sleep Moves Clause: Sleep-inducing moves are banned\n|clearpoke\n|poke|p1|Iron Treads|\n|poke|p1|Venusaur, M|\n|poke|p1|Zamazenta-*|\n|poke|p1|Ninetales, F|\n|poke|p1|Walking Wake|\n|poke|p1|Lilligant-Hisui, F|\n|poke|p2|Latios, M|\n|poke|p2|Kyurem|\n|poke|p2|Clefable, F|\n|poke|p2|Scizor, M|\n|poke|p2|Landorus-Therian, M|\n|poke|p2|Kingambit, F|\n|teampreview\n|inactive|Battle timer is ON: inactive players will automatically lose when time's up. (requested by Thatgenyou)\n|\n|t:|1788293374\n|teamsize|p1|6\n|teamsize|p2|6\n|start\n|switch|p1a: Ninetales|Ninetales, F|100/100\n|switch|p2a: Landorus|Landorus-Therian, M, shiny|100/100\n|-ability|p2a: Landorus|Intimidate|boost\n|-unboost|p1a: Ninetales|atk|1\n|-weather|SunnyDay|[from] ability: Drought|[of] p1a: Ninetales\n|turn|1\n|\n|t:|1788293383\n|switch|p1a: Walking Wake|Walking Wake|100/100\n|-activate|p1a: Walking Wake|ability: Protosynthesis\n|-start|p1a: Walking Wake|protosynthesisspe\n|move|p2a: Landorus|Earthquake|p1a: Walking Wake\n|-damage|p1a: Walking Wake|42/100\n|\n|-weather|SunnyDay|[upkeep]\n|upkeep\n|turn|2\n|l|\u2606drenna\n|inactive|drenna disconnected and has a minute to reconnect!\n|player|p1|\n|inactive|Thatgenyou has 120 seconds left.\n|j|\u2606drenna\n|inactive|drenna reconnected and has 120 seconds left.\n|player|p1|drenna|jasmine|\n|\n|t:|1788293436\n|switch|p2a: Scizor|Scizor, M, shiny|100/100\n|move|p1a: Walking Wake|Flip Turn|p2a: Scizor\n|-damage|p2a: Scizor|93/100\n|inactive|drenna has 120 seconds left.\n|\n|t:|1788293447\n|-end|p1a: Walking Wake|Protosynthesis|[silent]\n|switch|p1a: Venusaur|Venusaur, M|100/100|[from] Flip Turn\n|\n|-weather|SunnyDay|[upkeep]\n|upkeep\n|turn|3\n|inactive|drenna has 120 seconds left.\n|\n|t:|1788293465\n|move|p2a: Scizor|Bullet Punch|p1a: Venusaur\n|-damage|p1a: Venusaur|51/100\n|move|p1a: Venusaur|Weather Ball|p2a: Scizor\n|-supereffective|p2a: Scizor\n|-damage|p2a: Scizor|0 fnt\n|faint|p2a: Scizor\n|-damage|p1a: Venusaur|41/100|[from] item: Life Orb\n|\n|-weather|SunnyDay|[upkeep]\n|upkeep\n|inactive|Thatgenyou has 90 seconds left.\n|\n|t:|1788293491\n|switch|p2a: Latios|Latios, M, shiny|100/100\n|turn|4\n|\n|t:|1788293501\n|switch|p1a: Iron Treads|Iron Treads|100/100\n|move|p2a: Latios|Psychic Noise|p1a: Iron Treads\n|-resisted|p1a: Iron Treads\n|-damage|p1a: Iron Treads|81/100\n|-start|p1a: Iron Treads|move: Heal Block\n|-enditem|p1a: Iron Treads|Eject Button\n|\n|t:|1788293509\n|-end|p1a: Iron Treads|Quark Drive|[silent]\n|switch|p1a: Walking Wake|Walking Wake|42/100\n|-activate|p1a: Walking Wake|ability: Protosynthesis\n|-start|p1a: Walking Wake|protosynthesisspe\n|\n|-weather|SunnyDay|[upkeep]\n|upkeep\n|turn|5\n|\n|t:|1788293520\n|switch|p2a: Clefable|Clefable, F, shiny|100/100\n|move|p1a: Walking Wake|Hydro Steam|p2a: Clefable\n|-damage|p2a: Clefable|10/100\n|\n|-weather|SunnyDay|[upkeep]\n|upkeep\n|turn|6\n|\n|t:|1788293533\n|move|p1a: Walking Wake|Hydro Steam|p2a: Clefable\n|-damage|p2a: Clefable|0 fnt\n|faint|p2a: Clefable\n|\n|-weather|SunnyDay|[upkeep]\n|upkeep\n|inactive|Thatgenyou has 90 seconds left.\n|\n|t:|1788293551\n|switch|p2a: Kyurem|Kyurem|100/100\n|-ability|p2a: Kyurem|Pressure\n|turn|7\n|inactive|Thatgenyou has 90 seconds left.\n|\n|t:|1788293570\n|-end|p1a: Walking Wake|Protosynthesis|[silent]\n|switch|p1a: Zamazenta|Zamazenta|100/100\n|-ability|p1a: Zamazenta|Dauntless Shield|boost\n|-boost|p1a: Zamazenta|def|1\n|move|p2a: Kyurem|Freeze-Dry|p1a: Zamazenta\n|-damage|p1a: Zamazenta|66/100\n|\n|-weather|SunnyDay|[upkeep]\n|-heal|p1a: Zamazenta|72/100|[from] item: Leftovers\n|upkeep\n|turn|8\n|\n|t:|1788293587\n|switch|p2a: Landorus|Landorus-Therian, M, shiny|100/100\n|-ability|p2a: Landorus|Intimidate|boost\n|-unboost|p1a: Zamazenta|atk|1\n|move|p1a: Zamazenta|Body Press|p2a: Landorus\n|-resisted|p2a: Landorus\n|-damage|p2a: Landorus|67/100\n|\n|-weather|none\n|-heal|p1a: Zamazenta|79/100|[from] item: Leftovers\n|upkeep\n|turn|9\n|\n|t:|1788293609\n|move|p2a: Landorus|Earthquake|p1a: Zamazenta\n|-damage|p1a: Zamazenta|51/100\n|move|p1a: Zamazenta|Body Press|p2a: Landorus\n|-resisted|p2a: Landorus\n|-damage|p2a: Landorus|30/100\n|\n|-heal|p1a: Zamazenta|57/100|[from] item: Leftovers\n|upkeep\n|turn|10\n|inactive|drenna has 120 seconds left.\n|\n|t:|1788293630\n|switch|p2a: Latios|Latios, M, shiny|100/100\n|switch|p1a: Ninetales|Ninetales, F|100/100\n|-weather|SunnyDay|[from] ability: Drought|[of] p1a: Ninetales\n|\n|-weather|SunnyDay|[upkeep]\n|upkeep\n|turn|11\n|\n|t:|1788293644\n|move|p2a: Latios|Calm Mind|p2a: Latios\n|-boost|p2a: Latios|spa|1\n|-boost|p2a: Latios|spd|1\n|move|p1a: Ninetales|Healing Wish|p1a: Ninetales\n|faint|p1a: Ninetales\n|\n|-weather|SunnyDay|[upkeep]\n|upkeep\n|\n|t:|1788293651\n|switch|p1a: Walking Wake|Walking Wake|42/100\n|-heal|p1a: Walking Wake|100/100|[from] move: Healing Wish\n|-activate|p1a: Walking Wake|ability: Protosynthesis\n|-start|p1a: Walking Wake|protosynthesisspe\n|turn|12\n|\n|t:|1788293659\n|-terastallize|p2a: Latios|Steel\n|move|p1a: Walking Wake|Draco Meteor|p2a: Latios\n|-resisted|p2a: Latios\n|-damage|p2a: Latios|65/100\n|-unboost|p1a: Walking Wake|spa|2\n|move|p2a: Latios|Draco Meteor|p1a: Walking Wake\n|-supereffective|p1a: Walking Wake\n|-damage|p1a: Walking Wake|0 fnt\n|-unboost|p2a: Latios|spa|2\n|faint|p1a: Walking Wake\n|-end|p1a: Walking Wake|Protosynthesis|[silent]\n|\n|-weather|SunnyDay|[upkeep]\n|upkeep\n|\n|t:|1788293673\n|switch|p1a: Lilligant|Lilligant-Hisui, F|100/100\n|turn|13\n|inactive|Thatgenyou has 90 seconds left.\n|\n|t:|1788293688\n|move|p1a: Lilligant|Close Combat|p2a: Latios\n|-supereffective|p2a: Latios\n|-damage|p2a: Latios|0 fnt\n|-unboost|p1a: Lilligant|def|1\n|-unboost|p1a: Lilligant|spd|1\n|faint|p2a: Latios\n|-damage|p1a: Lilligant|91/100|[from] item: Life Orb\n|\n|-weather|SunnyDay|[upkeep]\n|upkeep\n|\n|t:|1788293703\n|switch|p2a: Landorus|Landorus-Therian, M, shiny|30/100\n|-ability|p2a: Landorus|Intimidate|boost\n|-unboost|p1a: Lilligant|atk|1\n|turn|14\n|\n|t:|1788293708\n|switch|p2a: Kyurem|Kyurem|100/100\n|-ability|p2a: Kyurem|Pressure\n|move|p1a: Lilligant|Solar Blade||[still]\n|-prepare|p1a: Lilligant|Solar Blade\n|-anim|p1a: Lilligant|Solar Blade|p2a: Kyurem\n|-resisted|p2a: Kyurem\n|-damage|p2a: Kyurem|74/100\n|-damage|p1a: Lilligant|81/100|[from] item: Life Orb\n|\n|-weather|SunnyDay|[upkeep]\n|upkeep\n|turn|15\n|\n|t:|1788293723\n|move|p1a: Lilligant|Close Combat|p2a: Kyurem\n|-supereffective|p2a: Kyurem\n|-damage|p2a: Kyurem|0 fnt\n|-unboost|p1a: Lilligant|def|1\n|-unboost|p1a: Lilligant|spd|1\n|faint|p2a: Kyurem\n|-damage|p1a: Lilligant|71/100|[from] item: Life Orb\n|\n|-weather|SunnyDay|[upkeep]\n|upkeep\n|\n|t:|1788293725\n|switch|p2a: Landorus|Landorus-Therian, M, shiny|30/100\n|-ability|p2a: Landorus|Intimidate|boost\n|-unboost|p1a: Lilligant|atk|1\n|turn|16\n|inactive|Thatgenyou has 90 seconds left.\n|\n|t:|1788293737\n|switch|p2a: Kingambit|Kingambit, F, shiny|100/100\n|-activate|p2a: Kingambit|ability: Supreme Overlord\n|-start|p2a: Kingambit|fallen4|[silent]\n|move|p1a: Lilligant|Solar Blade||[still]\n|-prepare|p1a: Lilligant|Solar Blade\n|-anim|p1a: Lilligant|Solar Blade|p2a: Kingambit\n|-resisted|p2a: Kingambit\n|-damage|p2a: Kingambit|83/100\n|-damage|p1a: Lilligant|61/100|[from] item: Life Orb\n|\n|-weather|SunnyDay|[upkeep]\n|upkeep\n|turn|17\n|inactive|Thatgenyou has 90 seconds left.\n|\n|t:|1788293752\n|-end|p2a: Kingambit|fallen4|[silent]\n|switch|p2a: Landorus|Landorus-Therian, M, shiny|30/100\n|-ability|p2a: Landorus|Intimidate|boost\n|-unboost|p1a: Lilligant|atk|1\n|move|p1a: Lilligant|Close Combat|p2a: Landorus\n|-resisted|p2a: Landorus\n|-damage|p2a: Landorus|11/100\n|-unboost|p1a: Lilligant|def|1\n|-unboost|p1a: Lilligant|spd|1\n|-damage|p1a: Lilligant|51/100|[from] item: Life Orb\n|\n|-weather|none\n|upkeep\n|turn|18\n|inactive|Thatgenyou has 90 seconds left.\n|\n|t:|1788293764\n|move|p2a: Landorus|U-turn|p1a: Lilligant\n|-damage|p1a: Lilligant|0 fnt\n|faint|p1a: Lilligant\n|\n|t:|1788293766\n|switch|p2a: Kingambit|Kingambit, F, shiny|83/100|[from] U-turn\n|-activate|p2a: Kingambit|ability: Supreme Overlord\n|-start|p2a: Kingambit|fallen4|[silent]\n|\n|upkeep\n|\n|t:|1788293773\n|switch|p1a: Zamazenta|Zamazenta|57/100\n|turn|19\n|inactive|Thatgenyou has 90 seconds left.\n|\n|t:|1788293791\n|move|p2a: Kingambit|Sucker Punch|p1a: Zamazenta\n|-resisted|p1a: Zamazenta\n|-damage|p1a: Zamazenta|35/100\n|move|p1a: Zamazenta|Body Press|p2a: Kingambit\n|-supereffective|p2a: Kingambit\n|-damage|p2a: Kingambit|0 fnt\n|faint|p2a: Kingambit\n|-end|p2a: Kingambit|fallen4|[silent]\n|\n|-heal|p1a: Zamazenta|41/100|[from] item: Leftovers\n|upkeep\n|\n|t:|1788293793\n|switch|p2a: Landorus|Landorus-Therian, M, shiny|11/100\n|-ability|p2a: Landorus|Intimidate|boost\n|-unboost|p1a: Zamazenta|atk|1\n|turn|20\n|\n|t:|1788293804\n|move|p2a: Landorus|Earthquake|p1a: Zamazenta\n|-damage|p1a: Zamazenta|0 fnt\n|faint|p1a: Zamazenta\n|\n|upkeep\n|\n|t:|1788293813\n|switch|p1a: Iron Treads|Iron Treads|81/100\n|turn|21\n|\n|t:|1788293819\n|move|p2a: Landorus|Earthquake|p1a: Iron Treads\n|-supereffective|p1a: Iron Treads\n|-damage|p1a: Iron Treads|0 fnt\n|faint|p1a: Iron Treads\n|-end|p1a: Iron Treads|Quark Drive|[silent]\n|\n|upkeep\n|\n|t:|1788293822\n|switch|p1a: Venusaur|Venusaur, M|41/100\n|turn|22\n|\n|t:|1788293829\n|move|p2a: Landorus|Earthquake|p1a: Venusaur\n|-damage|p1a: Venusaur|0 fnt\n|faint|p1a: Venusaur\n|\n|win|Thatgenyou\n|raw|drenna's rating: 1428 &rarr; <strong>1410</strong><br />(-18 for losing)\n|raw|Thatgenyou's rating: 1466 &rarr; <strong>1484</strong><br />(+18 for winning)\n|c|\u2606Thatgenyou|gg\n", "uploadtime": 1788293832, "views": "3", "formatid": "gen9ou", "rating": 1410, "private": 0, "password": null}