{"id": "gen9ou-2673885820", "format": "[Gen 9] OU", "players": ["errodedigitacao", "Nahlokin"], "log": "|j|\u2606errodedigitacao\n|j|\u2606Nahlokin\n|t:|1788273044\n|gametype|singles\n|player|p1|errodedigitacao|265|1644\n|player|p2|Nahlokin|hilbert|1591\n|gen|9\n|tier|[Gen 9] OU\n|rated|\n|rule|HP Percentage Mod: HP is shown in percentages\n|rule|Endless Battle Clause: Forcing endless battles is banned\n|rule|Species Clause: Limit one of each Pok\u00e9mon\n|rule|OHKO Clause: OHKO moves are banned\n|rule|Evasion Items Clause: Evasion items are banned\n|rule|Evasion Moves Clause: Evasion moves are banned\n|rule|Evasion Abilities Clause: Evasion abilities are banned\n|rule|Sleep Moves Clause: Sleep-inducing moves are banned\n|clearpoke\n|poke|p1|Iron Valiant|\n|poke|p1|Zapdos|\n|poke|p1|Alomomola, F|\n|poke|p1|Ogerpon-Wellspring, F|\n|poke|p1|Okidogi, M|\n|poke|p1|Iron Treads|\n|poke|p2|Trevenant, F|\n|poke|p2|Torkoal, F|\n|poke|p2|Walking Wake|\n|poke|p2|Great Tusk|\n|poke|p2|Heatran, M|\n|poke|p2|Clefable, F|\n|teampreview\n|inactive|Battle timer is ON: inactive players will automatically lose when time's up. (requested by Nahlokin)\n|inactive|errodedigitacao also wants the timer to be on.\n|\n|t:|1788273048\n|teamsize|p1|6\n|teamsize|p2|6\n|start\n|switch|p1a: Snoop Dogg|Okidogi, M|100/100\n|switch|p2a: END KALI YUGA|Torkoal, F|100/100\n|-weather|SunnyDay|[from] ability: Drought|[of] p2a: END KALI YUGA\n|turn|1\n|\n|t:|1788273055\n|switch|p1a: 50 Cent|Alomomola, F|100/100\n|move|p2a: END KALI YUGA|Stealth Rock|p1a: 50 Cent\n|-sidestart|p1: errodedigitacao|move: Stealth Rock\n|\n|-weather|SunnyDay|[upkeep]\n|upkeep\n|turn|2\n|\n|t:|1788273060\n|move|p1a: 50 Cent|Flip Turn|p2a: END KALI YUGA\n|-supereffective|p2a: END KALI YUGA\n|-crit|p2a: END KALI YUGA\n|-damage|p2a: END KALI YUGA|88/100\n|\n|t:|1788273063\n|switch|p1a: Rakim|Zapdos|100/100|[from] Flip Turn\n|move|p2a: END KALI YUGA|Will-O-Wisp|p1a: Rakim\n|-status|p1a: Rakim|brn\n|\n|-weather|SunnyDay|[upkeep]\n|-damage|p1a: Rakim|94/100 brn|[from] brn\n|upkeep\n|turn|3\n|\n|t:|1788273071\n|switch|p2a: I'LL MISS|Heatran, M|100/100\n|move|p1a: Rakim|Discharge|p2a: I'LL MISS\n|-damage|p2a: I'LL MISS|81/100\n|\n|-weather|SunnyDay|[upkeep]\n|-heal|p2a: I'LL MISS|87/100|[from] item: Leftovers\n|-damage|p1a: Rakim|88/100 brn|[from] brn\n|upkeep\n|turn|4\n|\n|t:|1788273078\n|switch|p1a: 50 Cent|Alomomola, F|100/100\n|-damage|p1a: 50 Cent|88/100|[from] Stealth Rock\n|move|p2a: I'LL MISS|Magma Storm|p1a: 50 Cent\n|-resisted|p1a: 50 Cent\n|-crit|p1a: 50 Cent\n|-damage|p1a: 50 Cent|63/100\n|-activate|p1a: 50 Cent|move: Magma Storm|[of] p2a: I'LL MISS\n|\n|-weather|SunnyDay|[upkeep]\n|-heal|p2a: I'LL MISS|93/100|[from] item: Leftovers\n|-damage|p1a: 50 Cent|50/100|[from] move: Magma Storm|[partiallytrapped]\n|upkeep\n|turn|5\n|\n|t:|1788273088\n|move|p2a: I'LL MISS|Earth Power|p1a: 50 Cent\n|-damage|p1a: 50 Cent|37/100\n|move|p1a: 50 Cent|Flip Turn|p2a: I'LL MISS\n|-supereffective|p2a: I'LL MISS\n|-damage|p2a: I'LL MISS|80/100\n|\n|t:|1788273090\n|switch|p1a: Biggie Smalls|Iron Treads|100/100|[from] Flip Turn\n|-damage|p1a: Biggie Smalls|97/100|[from] Stealth Rock\n|\n|-weather|SunnyDay|[upkeep]\n|-heal|p1a: Biggie Smalls|100/100|[from] item: Leftovers\n|-heal|p2a: I'LL MISS|87/100|[from] item: Leftovers\n|upkeep\n|turn|6\n|\n|t:|1788273100\n|switch|p2a: MATHEMATICAL CHEST|Walking Wake|100/100\n|-activate|p2a: MATHEMATICAL CHEST|ability: Protosynthesis\n|-start|p2a: MATHEMATICAL CHEST|protosynthesisspe\n|move|p1a: Biggie Smalls|Earthquake|p2a: MATHEMATICAL CHEST\n|-damage|p2a: MATHEMATICAL CHEST|49/100\n|\n|-weather|SunnyDay|[upkeep]\n|upkeep\n|turn|7\n|\n|t:|1788273107\n|-end|p1a: Biggie Smalls|Quark Drive|[silent]\n|switch|p1a: 50 Cent|Alomomola, F|70/100\n|-damage|p1a: 50 Cent|58/100|[from] Stealth Rock\n|move|p2a: MATHEMATICAL CHEST|Knock Off|p1a: 50 Cent\n|-damage|p1a: 50 Cent|44/100\n|-enditem|p1a: 50 Cent|Assault Vest|[from] move: Knock Off|[of] p2a: MATHEMATICAL CHEST\n|\n|-weather|SunnyDay|[upkeep]\n|upkeep\n|turn|8\n|\n|t:|1788273114\n|-end|p2a: MATHEMATICAL CHEST|Protosynthesis|[silent]\n|switch|p2a: GOLEMS NOT READY|Trevenant, F|100/100\n|switch|p1a: Tupac|Iron Valiant|100/100\n|-damage|p1a: Tupac|94/100|[from] Stealth Rock\n|\n|-weather|none\n|upkeep\n|turn|9\n|\n|t:|1788273121\n|move|p1a: Tupac|Shadow Ball|p2a: GOLEMS NOT READY\n|-supereffective|p2a: GOLEMS NOT READY\n|-damage|p2a: GOLEMS NOT READY|43/100\n|-enditem|p2a: GOLEMS NOT READY|Sitrus Berry|[eat]\n|-heal|p2a: GOLEMS NOT READY|68/100|[from] item: Sitrus Berry\n|move|p2a: GOLEMS NOT READY|Substitute|p2a: GOLEMS NOT READY\n|-start|p2a: GOLEMS NOT READY|Substitute\n|-damage|p2a: GOLEMS NOT READY|43/100\n|\n|upkeep\n|turn|10\n|\n|t:|1788273129\n|move|p1a: Tupac|Shadow Ball|p2a: GOLEMS NOT READY\n|-supereffective|p2a: GOLEMS NOT READY\n|-end|p2a: GOLEMS NOT READY|Substitute\n|move|p2a: GOLEMS NOT READY|Leech Seed|p1a: Tupac|[miss]\n|-miss|p2a: GOLEMS NOT READY|p1a: Tupac\n|\n|upkeep\n|turn|11\n|\n|t:|1788273134\n|move|p2a: GOLEMS NOT READY|Protect|p2a: GOLEMS NOT READY\n|-singleturn|p2a: GOLEMS NOT READY|Protect\n|move|p1a: Tupac|Shadow Ball|p2a: GOLEMS NOT READY\n|-activate|p2a: GOLEMS NOT READY|move: Protect\n|\n|-item|p2a: GOLEMS NOT READY|Sitrus Berry|[from] ability: Harvest\n|upkeep\n|-enditem|p2a: GOLEMS NOT READY|Sitrus Berry|[eat]\n|-heal|p2a: GOLEMS NOT READY|68/100|[from] item: Sitrus Berry\n|turn|12\n|\n|t:|1788273144\n|switch|p2a: I'LL MISS|Heatran, M|87/100\n|move|p1a: Tupac|Shadow Ball|p2a: I'LL MISS\n|-damage|p2a: I'LL MISS|63/100\n|\n|-heal|p2a: I'LL MISS|70/100|[from] item: Leftovers\n|upkeep\n|turn|13\n|\n|t:|1788273151\n|-end|p1a: Tupac|Quark Drive|[silent]\n|switch|p1a: 50 Cent|Alomomola, F|77/100\n|-damage|p1a: 50 Cent|65/100|[from] Stealth Rock\n|move|p2a: I'LL MISS|Magma Storm|p1a: 50 Cent|[miss]\n|-miss|p2a: I'LL MISS|p1a: 50 Cent\n|\n|-heal|p2a: I'LL MISS|76/100|[from] item: Leftovers\n|upkeep\n|turn|14\n|\n|t:|1788273158\n|move|p2a: I'LL MISS|Earth Power|p1a: 50 Cent\n|-damage|p1a: 50 Cent|45/100\n|move|p1a: 50 Cent|Flip Turn|p2a: I'LL MISS\n|-supereffective|p2a: I'LL MISS\n|-damage|p2a: I'LL MISS|49/100\n|\n|t:|1788273159\n|switch|p1a: Biggie Smalls|Iron Treads|100/100|[from] Flip Turn\n|-damage|p1a: Biggie Smalls|97/100|[from] Stealth Rock\n|\n|-heal|p1a: Biggie Smalls|100/100|[from] item: Leftovers\n|-heal|p2a: I'LL MISS|56/100|[from] item: Leftovers\n|upkeep\n|turn|15\n|\n|t:|1788273168\n|move|p1a: Biggie Smalls|Rapid Spin|p2a: I'LL MISS\n|-resisted|p2a: I'LL MISS\n|-damage|p2a: I'LL MISS|49/100\n|-boost|p1a: Biggie Smalls|spe|1\n|-sideend|p1: errodedigitacao|Stealth Rock|[from] move: Rapid Spin|[of] p1a: Biggie Smalls\n|move|p2a: I'LL MISS|Magma Storm|p1a: Biggie Smalls\n|-supereffective|p1a: Biggie Smalls\n|-damage|p1a: Biggie Smalls|0 fnt\n|faint|p1a: Biggie Smalls\n|-end|p1a: Biggie Smalls|Quark Drive|[silent]\n|\n|-heal|p2a: I'LL MISS|55/100|[from] item: Leftovers\n|upkeep\n|\n|t:|1788273171\n|switch|p1a: Ice Cube|Ogerpon-Wellspring, F|100/100\n|turn|16\n|\n|t:|1788273180\n|switch|p2a: END KALI YUGA|Torkoal, F|88/100\n|-weather|SunnyDay|[from] ability: Drought|[of] p2a: END KALI YUGA\n|move|p1a: Ice Cube|Swords Dance|p1a: Ice Cube\n|-boost|p1a: Ice Cube|atk|2\n|\n|-weather|SunnyDay|[upkeep]\n|upkeep\n|turn|17\n|\n|t:|1788273187\n|move|p1a: Ice Cube|Ivy Cudgel|p2a: END KALI YUGA|[anim] Ivy Cudgel Water\n|-supereffective|p2a: END KALI YUGA\n|-damage|p2a: END KALI YUGA|32/100\n|move|p2a: END KALI YUGA|Will-O-Wisp|p1a: Ice Cube\n|-status|p1a: Ice Cube|brn\n|\n|-weather|SunnyDay|[upkeep]\n|-damage|p1a: Ice Cube|94/100 brn|[from] brn\n|upkeep\n|turn|18\n|\n|t:|1788273195\n|move|p1a: Ice Cube|Swords Dance|p1a: Ice Cube\n|-boost|p1a: Ice Cube|atk|2\n|move|p2a: END KALI YUGA|Stealth Rock|p1a: Ice Cube\n|-sidestart|p1: errodedigitacao|move: Stealth Rock\n|\n|-weather|SunnyDay|[upkeep]\n|-damage|p1a: Ice Cube|88/100 brn|[from] brn\n|upkeep\n|turn|19\n|\n|t:|1788273201\n|switch|p2a: ANNUNAKI PROJECT|Clefable, F|100/100\n|move|p1a: Ice Cube|Trailblaze|p2a: ANNUNAKI PROJECT\n|-crit|p2a: ANNUNAKI PROJECT\n|-damage|p2a: ANNUNAKI PROJECT|85/100\n|-boost|p1a: Ice Cube|spe|1\n|\n|-weather|SunnyDay|[upkeep]\n|-heal|p2a: ANNUNAKI PROJECT|91/100|[from] item: Leftovers\n|-damage|p1a: Ice Cube|82/100 brn|[from] brn\n|upkeep\n|turn|20\n|\n|t:|1788273211\n|move|p1a: Ice Cube|Ivy Cudgel|p2a: ANNUNAKI PROJECT|[anim] Ivy Cudgel Water\n|-damage|p2a: ANNUNAKI PROJECT|81/100\n|move|p2a: ANNUNAKI PROJECT|Moonblast|p1a: Ice Cube\n|-damage|p1a: Ice Cube|53/100 brn\n|\n|-weather|SunnyDay|[upkeep]\n|-heal|p2a: ANNUNAKI PROJECT|87/100|[from] item: Leftovers\n|-damage|p1a: Ice Cube|47/100 brn|[from] brn\n|upkeep\n|turn|21\n|\n|t:|1788273219\n|move|p1a: Ice Cube|Synthesis|p1a: Ice Cube\n|-heal|p1a: Ice Cube|100/100 brn\n|move|p2a: ANNUNAKI PROJECT|Moonblast|p1a: Ice Cube\n|-damage|p1a: Ice Cube|69/100 brn\n|\n|-weather|SunnyDay|[upkeep]\n|-heal|p2a: ANNUNAKI PROJECT|93/100|[from] item: Leftovers\n|-damage|p1a: Ice Cube|63/100 brn|[from] brn\n|upkeep\n|turn|22\n|\n|t:|1788273226\n|switch|p1a: Rakim|Zapdos|88/100 brn\n|move|p2a: ANNUNAKI PROJECT|Moonblast|p1a: Rakim\n|-damage|p1a: Rakim|59/100 brn\n|\n|-weather|SunnyDay|[upkeep]\n|-heal|p2a: ANNUNAKI PROJECT|99/100|[from] item: Leftovers\n|-damage|p1a: Rakim|53/100 brn|[from] brn\n|upkeep\n|turn|23\n|\n|t:|1788273246\n|switch|p2a: I'LL MISS|Heatran, M|55/100\n|move|p1a: Rakim|U-turn|p2a: I'LL MISS\n|-resisted|p2a: I'LL MISS\n|-damage|p2a: I'LL MISS|54/100\n|\n|t:|1788273250\n|switch|p1a: Snoop Dogg|Okidogi, M|100/100|[from] U-turn\n|-damage|p1a: Snoop Dogg|95/100|[from] Stealth Rock\n|\n|-weather|none\n|-heal|p2a: I'LL MISS|60/100|[from] item: Leftovers\n|upkeep\n|turn|24\n|\n|t:|1788273261\n|switch|p2a: MINERAL AWARENESS|Great Tusk|100/100\n|move|p1a: Snoop Dogg|Knock Off|p2a: MINERAL AWARENESS\n|-resisted|p2a: MINERAL AWARENESS\n|-damage|p2a: MINERAL AWARENESS|89/100\n|-enditem|p2a: MINERAL AWARENESS|Heavy-Duty Boots|[from] move: Knock Off|[of] p1a: Snoop Dogg\n|\n|upkeep\n|turn|25\n|\n|t:|1788273267\n|switch|p1a: Rakim|Zapdos|53/100 brn\n|move|p2a: MINERAL AWARENESS|Knock Off|p1a: Rakim\n|-crit|p1a: Rakim\n|-damage|p1a: Rakim|16/100 brn\n|-enditem|p1a: Rakim|Heavy-Duty Boots|[from] move: Knock Off|[of] p2a: MINERAL AWARENESS\n|\n|-damage|p1a: Rakim|10/100 brn|[from] brn\n|upkeep\n|turn|26\n|\n|t:|1788273275\n|move|p2a: MINERAL AWARENESS|Ice Spinner|p1a: Rakim\n|-supereffective|p1a: Rakim\n|-damage|p1a: Rakim|0 fnt\n|faint|p1a: Rakim\n|\n|upkeep\n|\n|t:|1788273277\n|switch|p1a: Tupac|Iron Valiant|94/100\n|-damage|p1a: Tupac|88/100|[from] Stealth Rock\n|turn|27\n|\n|t:|1788273283\n|-end|p2a: MINERAL AWARENESS|Protosynthesis|[silent]\n|switch|p2a: I'LL MISS|Heatran, M|60/100\n|move|p1a: Tupac|Moonblast|p2a: I'LL MISS\n|-resisted|p2a: I'LL MISS\n|-damage|p2a: I'LL MISS|49/100\n|\n|-heal|p2a: I'LL MISS|56/100|[from] item: Leftovers\n|upkeep\n|turn|28\n|-message|errodedigitacao forfeited.\n|\n|win|Nahlokin\n|raw|errodedigitacao's rating: 1644 &rarr; <strong>1621</strong><br />(-23 for losing)\n|raw|Nahlokin's rating: 1591 &rarr; <strong>1614</strong><br />(+23 for winning)\n|l|\u2606errodedigitacao\n|player|p1|\n|l|\u2606Nahlokin\n|player|p2|\n", "uploadtime": 1788273519, "views": "4", "formatid": "gen9ou", "rating": 1614, "private": 0, "password": null}