{"id": "gen9ou-2673861575", "format": "[Gen 9] OU", "players": ["amasawaichikamommy", "ricefinger4"], "log": "|j|\u2606amasawaichikamommy\n|j|\u2606ricefinger4\n|t:|1788269917\n|gametype|singles\n|player|p1|amasawaichikamommy|idol|1440\n|player|p2|ricefinger4|1|1397\n|gen|9\n|tier|[Gen 9] OU\n|rated|\n|rule|HP Percentage Mod: HP is shown in percentages\n|rule|Endless Battle Clause: Forcing endless battles is banned\n|rule|Species Clause: Limit one of each Pok\u00e9mon\n|rule|OHKO Clause: OHKO moves are banned\n|rule|Evasion Items Clause: Evasion items are banned\n|rule|Evasion Moves Clause: Evasion moves are banned\n|rule|Evasion Abilities Clause: Evasion abilities are banned\n|rule|Sleep Moves Clause: Sleep-inducing moves are banned\n|clearpoke\n|poke|p1|Blaziken, F|\n|poke|p1|Ninetales, F|\n|poke|p1|Venusaur, F|\n|poke|p1|Hatterene, F|\n|poke|p1|Great Tusk|\n|poke|p1|Walking Wake|\n|poke|p2|Glimmora, F|\n|poke|p2|Arcanine-Hisui, M|\n|poke|p2|Iron Boulder|\n|poke|p2|Ogerpon-Cornerstone, F|\n|poke|p2|Garganacl, M|\n|poke|p2|Tyranitar, M|\n|teampreview\n|inactive|Battle timer is ON: inactive players will automatically lose when time's up. (requested by amasawaichikamommy)\n|\n|t:|1788269935\n|teamsize|p1|6\n|teamsize|p2|6\n|start\n|switch|p1a: Great Tusk|Great Tusk|100/100\n|switch|p2a: Arcanine|Arcanine-Hisui, M|100/100\n|turn|1\n|\n|t:|1788269943\n|move|p2a: Arcanine|Flare Blitz|p1a: Great Tusk\n|-damage|p1a: Great Tusk|41/100\n|move|p1a: Great Tusk|Headlong Rush|p2a: Arcanine\n|-supereffective|p2a: Arcanine\n|-damage|p2a: Arcanine|0 fnt\n|-unboost|p1a: Great Tusk|def|1\n|-unboost|p1a: Great Tusk|spd|1\n|faint|p2a: Arcanine\n|\n|upkeep\n|\n|t:|1788269947\n|switch|p2a: Iron Boulder|Iron Boulder|100/100\n|turn|2\n|\n|t:|1788269974\n|-end|p1a: Great Tusk|Protosynthesis|[silent]\n|switch|p1a: Hatterene|Hatterene, F|100/100\n|move|p2a: Iron Boulder|Zen Headbutt|p1a: Hatterene\n|-resisted|p1a: Hatterene\n|-damage|p1a: Hatterene|81/100\n|-enditem|p1a: Hatterene|Eject Button\n|inactive|amasawaichikamommy has 120 seconds left.\n|\n|t:|1788269993\n|switch|p1a: Ninetales|Ninetales, F|100/100\n|-weather|SunnyDay|[from] ability: Drought|[of] p1a: Ninetales\n|\n|-weather|SunnyDay|[upkeep]\n|upkeep\n|turn|3\n|inactive|amasawaichikamommy has 120 seconds left.\n|\n|t:|1788270003\n|-end|p2a: Iron Boulder|Quark Drive|[silent]\n|switch|p2a: Glimmora|Glimmora, F|100/100\n|switch|p1a: Hatterene|Hatterene, F|81/100\n|\n|-weather|SunnyDay|[upkeep]\n|upkeep\n|turn|4\n|\n|t:|1788270010\n|move|p2a: Glimmora|Mortal Spin|p1a: Hatterene\n|-supereffective|p1a: Hatterene\n|-damage|p1a: Hatterene|68/100\n|-status|p1a: Hatterene|psn\n|move|p1a: Hatterene|Psychic Noise|p2a: Glimmora\n|-supereffective|p2a: Glimmora\n|-damage|p2a: Glimmora|0 fnt\n|faint|p2a: Glimmora\n|\n|-weather|SunnyDay|[upkeep]\n|-damage|p1a: Hatterene|56/100 psn|[from] psn\n|upkeep\n|\n|t:|1788270024\n|switch|p2a: Ogerpon|Ogerpon-Cornerstone, F|100/100\n|turn|5\n|\n|t:|1788270036\n|move|p2a: Ogerpon|Swords Dance|p2a: Ogerpon\n|-boost|p2a: Ogerpon|atk|2\n|move|p1a: Hatterene|Nuzzle|p2a: Ogerpon\n|-resisted|p2a: Ogerpon\n|-damage|p2a: Ogerpon|98/100\n|-status|p2a: Ogerpon|par\n|\n|-weather|SunnyDay|[upkeep]\n|-damage|p1a: Hatterene|43/100 psn|[from] psn\n|upkeep\n|turn|6\n|inactive|amasawaichikamommy has 120 seconds left.\n|\n|t:|1788270057\n|move|p2a: Ogerpon|Ivy Cudgel|p1a: Hatterene|[anim] Ivy Cudgel Rock\n|-damage|p1a: Hatterene|0 fnt\n|faint|p1a: Hatterene\n|\n|-weather|SunnyDay|[upkeep]\n|upkeep\n|inactive|amasawaichikamommy has 120 seconds left.\n|\n|t:|1788270072\n|switch|p1a: Walking Wake|Walking Wake|100/100\n|-activate|p1a: Walking Wake|ability: Protosynthesis\n|-start|p1a: Walking Wake|protosynthesisspe\n|turn|7\n|inactive|amasawaichikamommy has 120 seconds left.\n|\n|t:|1788270079\n|switch|p2a: Tyranitar|Tyranitar, M|100/100\n|-weather|Sandstorm|[from] ability: Sand Stream|[of] p2a: Tyranitar\n|-end|p1a: Walking Wake|Protosynthesis\n|move|p1a: Walking Wake|Hydro Steam|p2a: Tyranitar\n|-supereffective|p2a: Tyranitar\n|-damage|p2a: Tyranitar|48/100\n|\n|-weather|Sandstorm|[upkeep]\n|-damage|p1a: Walking Wake|94/100|[from] Sandstorm\n|upkeep\n|turn|8\n|inactive|amasawaichikamommy has 120 seconds left.\n|\n|t:|1788270116\n|-end|p1a: Walking Wake|Protosynthesis|[silent]\n|switch|p1a: Great Tusk|Great Tusk|41/100\n|switch|p2a: Iron Boulder|Iron Boulder|100/100\n|\n|-weather|Sandstorm|[upkeep]\n|upkeep\n|turn|9\n|inactive|amasawaichikamommy has 90 seconds left.\n|inactive|amasawaichikamommy has 60 seconds left.\n|\n|t:|1788270162\n|move|p2a: Iron Boulder|Zen Headbutt|p1a: Great Tusk\n|-supereffective|p1a: Great Tusk\n|-damage|p1a: Great Tusk|0 fnt\n|faint|p1a: Great Tusk\n|-end|p1a: Great Tusk|Protosynthesis|[silent]\n|\n|-weather|Sandstorm|[upkeep]\n|upkeep\n|\n|t:|1788270165\n|switch|p1a: Ninetales|Ninetales, F|100/100\n|-weather|SunnyDay|[from] ability: Drought|[of] p1a: Ninetales\n|turn|10\n|inactive|amasawaichikamommy has 60 seconds left.\n|\n|t:|1788270185\n|-end|p2a: Iron Boulder|Quark Drive|[silent]\n|switch|p2a: Ogerpon|Ogerpon-Cornerstone, F|98/100 par\n|switch|p1a: Walking Wake|Walking Wake|94/100\n|-activate|p1a: Walking Wake|ability: Protosynthesis\n|-start|p1a: Walking Wake|protosynthesisspe\n|\n|-weather|SunnyDay|[upkeep]\n|upkeep\n|turn|11\n|\n|t:|1788270198\n|move|p1a: Walking Wake|Hydro Steam|p2a: Ogerpon\n|-damage|p2a: Ogerpon|0 fnt\n|faint|p2a: Ogerpon\n|\n|-weather|SunnyDay|[upkeep]\n|upkeep\n|\n|t:|1788270204\n|switch|p2a: Tyranitar|Tyranitar, M|48/100\n|-weather|Sandstorm|[from] ability: Sand Stream|[of] p2a: Tyranitar\n|-end|p1a: Walking Wake|Protosynthesis\n|turn|12\n|\n|t:|1788270206\n|-terastallize|p1a: Walking Wake|Water\n|move|p1a: Walking Wake|Hydro Steam|p2a: Tyranitar\n|-supereffective|p2a: Tyranitar\n|-damage|p2a: Tyranitar|0 fnt\n|faint|p2a: Tyranitar\n|\n|-weather|Sandstorm|[upkeep]\n|-damage|p1a: Walking Wake|88/100|[from] Sandstorm\n|upkeep\n|\n|t:|1788270209\n|switch|p2a: Iron Boulder|Iron Boulder|100/100\n|turn|13\n|inactive|amasawaichikamommy has 90 seconds left.\n|\n|t:|1788270216\n|-end|p1a: Walking Wake|Protosynthesis|[silent]\n|switch|p1a: Ninetales|Ninetales, F|100/100\n|-weather|SunnyDay|[from] ability: Drought|[of] p1a: Ninetales\n|move|p2a: Iron Boulder|Mighty Cleave|p1a: Ninetales\n|-supereffective|p1a: Ninetales\n|-damage|p1a: Ninetales|0 fnt\n|faint|p1a: Ninetales\n|\n|-weather|SunnyDay|[upkeep]\n|upkeep\n|inactive|amasawaichikamommy has 90 seconds left.\n|\n|t:|1788270227\n|switch|p1a: Walking Wake|Walking Wake, tera:Water|88/100\n|-activate|p1a: Walking Wake|ability: Protosynthesis\n|-start|p1a: Walking Wake|protosynthesisspe\n|turn|14\n|\n|t:|1788270231\n|-terastallize|p2a: Iron Boulder|Water\n|move|p1a: Walking Wake|Hydro Steam|p2a: Iron Boulder\n|-resisted|p2a: Iron Boulder\n|-damage|p2a: Iron Boulder|59/100\n|move|p2a: Iron Boulder|Mighty Cleave|p1a: Walking Wake\n|-damage|p1a: Walking Wake|37/100\n|\n|-weather|SunnyDay|[upkeep]\n|upkeep\n|turn|15\n|\n|t:|1788270244\n|-end|p1a: Walking Wake|Protosynthesis|[silent]\n|switch|p1a: Venusaur|Venusaur, F|100/100\n|move|p2a: Iron Boulder|Mighty Cleave|p1a: Venusaur\n|-damage|p1a: Venusaur|44/100\n|\n|-weather|SunnyDay|[upkeep]\n|upkeep\n|turn|16\n|\n|t:|1788270253\n|-end|p2a: Iron Boulder|Quark Drive|[silent]\n|switch|p2a: Garganacl|Garganacl, M|100/100\n|move|p1a: Venusaur|Giga Drain|p2a: Garganacl\n|-supereffective|p2a: Garganacl\n|-damage|p2a: Garganacl|21/100\n|-heal|p1a: Venusaur|97/100|[from] drain|[of] p2a: Garganacl\n|-damage|p1a: Venusaur|87/100|[from] item: Life Orb\n|\n|-weather|SunnyDay|[upkeep]\n|-heal|p2a: Garganacl|27/100|[from] item: Leftovers\n|upkeep\n|turn|17\n|\n|t:|1788270257\n|move|p2a: Garganacl|Protect|p2a: Garganacl\n|-singleturn|p2a: Garganacl|Protect\n|move|p1a: Venusaur|Giga Drain|p2a: Garganacl\n|-activate|p2a: Garganacl|move: Protect\n|\n|-weather|SunnyDay|[upkeep]\n|-heal|p2a: Garganacl|34/100|[from] item: Leftovers\n|upkeep\n|turn|18\n|\n|t:|1788270264\n|move|p1a: Venusaur|Giga Drain|p2a: Garganacl\n|-supereffective|p2a: Garganacl\n|-damage|p2a: Garganacl|0 fnt\n|-heal|p1a: Venusaur|100/100|[from] drain|[of] p2a: Garganacl\n|faint|p2a: Garganacl\n|-damage|p1a: Venusaur|91/100|[from] item: Life Orb\n|\n|-weather|SunnyDay|[upkeep]\n|upkeep\n|\n|t:|1788270266\n|switch|p2a: Iron Boulder|Iron Boulder, tera:Water|59/100\n|turn|19\n|\n|t:|1788270276\n|move|p1a: Venusaur|Giga Drain|p2a: Iron Boulder\n|-supereffective|p2a: Iron Boulder\n|-damage|p2a: Iron Boulder|7/100\n|-heal|p1a: Venusaur|100/100|[from] drain|[of] p2a: Iron Boulder\n|-damage|p1a: Venusaur|91/100|[from] item: Life Orb\n|move|p2a: Iron Boulder|Zen Headbutt|p1a: Venusaur|[miss]\n|-miss|p2a: Iron Boulder|p1a: Venusaur\n|\n|-weather|SunnyDay|[upkeep]\n|upkeep\n|turn|20\n|-message|ricefinger4 forfeited.\n|\n|win|amasawaichikamommy\n|raw|amasawaichikamommy's rating: 1440 &rarr; <strong>1458</strong><br />(+18 for winning)\n|raw|ricefinger4's rating: 1397 &rarr; <strong>1379</strong><br />(-18 for losing)\n|l|\u2606ricefinger4\n|player|p2|\n|l|\u2606amasawaichikamommy\n|player|p1|\n", "uploadtime": 1788270532, "views": "5", "formatid": "gen9ou", "rating": 1379, "private": 0, "password": null}