{"id": "gen9ou-2673864105", "format": "[Gen 9] OU", "players": ["thiccdug", "kangarooteam1"], "log": "|j|\u2606thiccdug\n|j|\u2606kangarooteam1\n|t:|1788270265\n|gametype|singles\n|player|p1|thiccdug|266|1549\n|player|p2|kangarooteam1|1|1619\n|gen|9\n|tier|[Gen 9] OU\n|rated|\n|rule|HP Percentage Mod: HP is shown in percentages\n|rule|Endless Battle Clause: Forcing endless battles is banned\n|rule|Species Clause: Limit one of each Pok\u00e9mon\n|rule|OHKO Clause: OHKO moves are banned\n|rule|Evasion Items Clause: Evasion items are banned\n|rule|Evasion Moves Clause: Evasion moves are banned\n|rule|Evasion Abilities Clause: Evasion abilities are banned\n|rule|Sleep Moves Clause: Sleep-inducing moves are banned\n|clearpoke\n|poke|p1|Hawlucha, F|\n|poke|p1|Samurott-Hisui, F|\n|poke|p1|Rillaboom, F|\n|poke|p1|Gholdengo|\n|poke|p1|Kyurem|\n|poke|p1|Landorus-Therian, M|\n|poke|p2|Great Tusk|\n|poke|p2|Gholdengo|\n|poke|p2|Raging Bolt|\n|poke|p2|Iron Valiant|\n|poke|p2|Ogerpon-Wellspring, F|\n|poke|p2|Kingambit, M|\n|teampreview\n|inactive|Battle timer is ON: inactive players will automatically lose when time's up. (requested by thiccdug)\n|inactive|kangarooteam1 also wants the timer to be on.\n|\n|t:|1788270270\n|teamsize|p1|6\n|teamsize|p2|6\n|start\n|switch|p1a: Rillaboom|Rillaboom, F|100/100\n|switch|p2a: Raging Bolt|Raging Bolt|100/100\n|-fieldstart|move: Grassy Terrain|[from] ability: Grassy Surge|[of] p1a: Rillaboom\n|turn|1\n|\n|t:|1788270275\n|move|p1a: Rillaboom|Knock Off|p2a: Raging Bolt\n|-damage|p2a: Raging Bolt|72/100\n|-enditem|p2a: Raging Bolt|Leftovers|[from] move: Knock Off|[of] p1a: Rillaboom\n|move|p2a: Raging Bolt|Dragon Pulse|p1a: Rillaboom\n|-damage|p1a: Rillaboom|40/100\n|\n|-heal|p1a: Rillaboom|46/100|[from] Grassy Terrain\n|-heal|p2a: Raging Bolt|78/100|[from] Grassy Terrain\n|upkeep\n|turn|2\n|\n|t:|1788270278\n|switch|p1a: Samurott|Samurott-Hisui, F|100/100\n|move|p2a: Raging Bolt|Dragon Pulse|p1a: Samurott\n|-damage|p1a: Samurott|67/100\n|\n|-heal|p1a: Samurott|73/100|[from] Grassy Terrain\n|-heal|p2a: Raging Bolt|84/100|[from] Grassy Terrain\n|upkeep\n|turn|3\n|\n|t:|1788270280\n|move|p1a: Samurott|Ceaseless Edge|p2a: Raging Bolt|[miss]\n|-miss|p1a: Samurott|p2a: Raging Bolt\n|move|p2a: Raging Bolt|Thunderbolt|p1a: Samurott\n|-supereffective|p1a: Samurott\n|-damage|p1a: Samurott|0 fnt\n|faint|p1a: Samurott\n|\n|-heal|p2a: Raging Bolt|90/100|[from] Grassy Terrain\n|upkeep\n|\n|t:|1788270282\n|switch|p1a: Kyurem|Kyurem|100/100\n|-ability|p1a: Kyurem|Pressure\n|turn|4\n|\n|t:|1788270283\n|-end|p2a: Raging Bolt|Protosynthesis|[silent]\n|switch|p2a: Gholdengo|Gholdengo|100/100\n|-item|p2a: Gholdengo|Air Balloon\n|-terastallize|p1a: Kyurem|Fairy\n|move|p1a: Kyurem|Ice Beam|p2a: Gholdengo\n|-resisted|p2a: Gholdengo\n|-damage|p2a: Gholdengo|73/100\n|-status|p2a: Gholdengo|frz\n|-enditem|p2a: Gholdengo|Air Balloon\n|\n|-heal|p2a: Gholdengo|79/100 frz|[from] Grassy Terrain\n|upkeep\n|turn|5\n|\n|t:|1788270285\n|move|p1a: Kyurem|Earth Power|p2a: Gholdengo\n|-supereffective|p2a: Gholdengo\n|-damage|p2a: Gholdengo|11/100 frz\n|cant|p2a: Gholdengo|frz\n|\n|-heal|p2a: Gholdengo|17/100 frz|[from] Grassy Terrain\n|-fieldend|move: Grassy Terrain\n|upkeep\n|turn|6\n|\n|t:|1788270287\n|move|p1a: Kyurem|Earth Power|p2a: Gholdengo\n|-supereffective|p2a: Gholdengo\n|-damage|p2a: Gholdengo|0 fnt\n|faint|p2a: Gholdengo\n|\n|upkeep\n|\n|t:|1788270288\n|switch|p2a: Kingambit|Kingambit, M|100/100\n|-activate|p2a: Kingambit|ability: Supreme Overlord\n|-start|p2a: Kingambit|fallen1|[silent]\n|turn|7\n|\n|t:|1788270292\n|switch|p1a: Rillaboom|Rillaboom, F|46/100\n|-fieldstart|move: Grassy Terrain|[from] ability: Grassy Surge|[of] p1a: Rillaboom\n|move|p2a: Kingambit|Iron Head|p1a: Rillaboom\n|-damage|p1a: Rillaboom|0 fnt\n|faint|p1a: Rillaboom\n|\n|upkeep\n|\n|t:|1788270293\n|switch|p1a: Hawlucha|Hawlucha, F|100/100\n|-enditem|p1a: Hawlucha|Grassy Seed\n|-boost|p1a: Hawlucha|def|1|[from] item: Grassy Seed\n|turn|8\n|\n|t:|1788270296\n|-terastallize|p2a: Kingambit|Ghost\n|move|p1a: Hawlucha|Low Kick|p2a: Kingambit\n|-immune|p2a: Kingambit\n|move|p2a: Kingambit|Iron Head|p1a: Hawlucha\n|-crit|p1a: Hawlucha\n|-damage|p1a: Hawlucha|0 fnt\n|faint|p1a: Hawlucha\n|\n|upkeep\n|\n|t:|1788270300\n|switch|p1a: Gholdengo|Gholdengo|100/100\n|turn|9\n|\n|t:|1788270301\n|move|p2a: Kingambit|Sucker Punch|p1a: Gholdengo\n|-supereffective|p1a: Gholdengo\n|-damage|p1a: Gholdengo|7/100\n|move|p1a: Gholdengo|Shadow Ball|p2a: Kingambit\n|-supereffective|p2a: Kingambit\n|-damage|p2a: Kingambit|13/100\n|\n|-heal|p1a: Gholdengo|13/100|[from] Grassy Terrain\n|-heal|p2a: Kingambit|19/100|[from] Grassy Terrain\n|-heal|p2a: Kingambit|26/100|[from] item: Leftovers\n|upkeep\n|turn|10\n|\n|t:|1788270303\n|move|p2a: Kingambit|Sucker Punch|p1a: Gholdengo\n|-supereffective|p1a: Gholdengo\n|-damage|p1a: Gholdengo|0 fnt\n|faint|p1a: Gholdengo\n|\n|-heal|p2a: Kingambit|32/100|[from] Grassy Terrain\n|-heal|p2a: Kingambit|38/100|[from] item: Leftovers\n|upkeep\n|\n|t:|1788270305\n|switch|p1a: Kyurem|Kyurem, tera:Fairy|100/100\n|-ability|p1a: Kyurem|Pressure\n|turn|11\n|\n|t:|1788270306\n|-end|p2a: Kingambit|fallen1|[silent]\n|switch|p2a: Iron Valiant|Iron Valiant|100/100\n|-enditem|p2a: Iron Valiant|Booster Energy\n|-activate|p2a: Iron Valiant|ability: Quark Drive|[fromitem]\n|-start|p2a: Iron Valiant|quarkdrivespe\n|move|p1a: Kyurem|Ice Beam|p2a: Iron Valiant\n|-damage|p2a: Iron Valiant|21/100\n|\n|-heal|p2a: Iron Valiant|27/100|[from] Grassy Terrain\n|-fieldend|move: Grassy Terrain\n|upkeep\n|turn|12\n|\n|t:|1788270308\n|move|p2a: Iron Valiant|Moonblast|p1a: Kyurem\n|-damage|p1a: Kyurem|70/100\n|move|p1a: Kyurem|Ice Beam|p2a: Iron Valiant\n|-damage|p2a: Iron Valiant|0 fnt\n|faint|p2a: Iron Valiant\n|-end|p2a: Iron Valiant|Quark Drive|[silent]\n|\n|upkeep\n|\n|t:|1788270309\n|switch|p2a: Ogerpon|Ogerpon-Wellspring, F|100/100\n|turn|13\n|\n|t:|1788270311\n|move|p2a: Ogerpon|Power Whip|p1a: Kyurem\n|-damage|p1a: Kyurem|6/100\n|move|p1a: Kyurem|Freeze-Dry|p2a: Ogerpon\n|-supereffective|p2a: Ogerpon\n|-damage|p2a: Ogerpon|0 fnt\n|faint|p2a: Ogerpon\n|\n|upkeep\n|\n|t:|1788270311\n|switch|p2a: Kingambit|Kingambit, M, tera:Ghost|38/100\n|-activate|p2a: Kingambit|ability: Supreme Overlord\n|-start|p2a: Kingambit|fallen3|[silent]\n|turn|14\n|\n|t:|1788270314\n|switch|p1a: Landorus|Landorus-Therian, M|100/100\n|-ability|p1a: Landorus|Intimidate|boost\n|-unboost|p2a: Kingambit|atk|1\n|move|p2a: Kingambit|Sucker Punch||[still]\n|-fail|p2a: Kingambit\n|\n|-heal|p2a: Kingambit|44/100|[from] item: Leftovers\n|upkeep\n|turn|15\n|\n|t:|1788270316\n|move|p1a: Landorus|Earth Power|p2a: Kingambit\n|-damage|p2a: Kingambit|11/100\n|move|p2a: Kingambit|Swords Dance|p2a: Kingambit\n|-boost|p2a: Kingambit|atk|2\n|\n|-heal|p2a: Kingambit|17/100|[from] item: Leftovers\n|upkeep\n|turn|16\n|\n|t:|1788270318\n|move|p2a: Kingambit|Sucker Punch|p1a: Landorus\n|-damage|p1a: Landorus|27/100\n|-damage|p2a: Kingambit|1/100|[from] item: Rocky Helmet|[of] p1a: Landorus\n|move|p1a: Landorus|Earth Power|p2a: Kingambit\n|-damage|p2a: Kingambit|0 fnt\n|faint|p2a: Kingambit\n|-end|p2a: Kingambit|fallen3|[silent]\n|\n|upkeep\n|\n|t:|1788270319\n|switch|p2a: Great Tusk|Great Tusk|100/100\n|turn|17\n|\n|t:|1788270323\n|move|p1a: Landorus|Earth Power|p2a: Great Tusk\n|-damage|p2a: Great Tusk|55/100\n|move|p2a: Great Tusk|Rapid Spin|p1a: Landorus\n|-damage|p1a: Landorus|13/100\n|-boost|p2a: Great Tusk|spe|1\n|-damage|p2a: Great Tusk|38/100|[from] item: Rocky Helmet|[of] p1a: Landorus\n|\n|-heal|p2a: Great Tusk|45/100|[from] item: Leftovers\n|upkeep\n|turn|18\n|\n|t:|1788270325\n|move|p2a: Great Tusk|Knock Off|p1a: Landorus\n|-damage|p1a: Landorus|0 fnt\n|-damage|p2a: Great Tusk|28/100|[from] item: Rocky Helmet|[of] p1a: Landorus\n|-enditem|p1a: Landorus|Rocky Helmet|[from] move: Knock Off|[of] p2a: Great Tusk\n|faint|p1a: Landorus\n|\n|-heal|p2a: Great Tusk|34/100|[from] item: Leftovers\n|upkeep\n|-message|thiccdug forfeited.\n|\n|win|kangarooteam1\n|raw|thiccdug's rating: 1549 &rarr; <strong>1533</strong><br />(-16 for losing)\n|raw|kangarooteam1's rating: 1619 &rarr; <strong>1635</strong><br />(+16 for winning)\n|l|\u2606thiccdug\n|player|p1|\n", "uploadtime": 1788270328, "views": "0", "formatid": "gen9ou", "rating": 1533, "private": 0, "password": null}