{"id": "gen9ou-2673886351", "format": "[Gen 9] OU", "players": ["lolcano46", "NeveringStar"], "log": "|j|\u2606lolcano46\n|j|\u2606NeveringStar\n|t:|1788273115\n|gametype|singles\n|player|p1|lolcano46|fisherman-gen4|1641\n|player|p2|NeveringStar|101|1545\n|gen|9\n|tier|[Gen 9] OU\n|rated|\n|rule|HP Percentage Mod: HP is shown in percentages\n|rule|Endless Battle Clause: Forcing endless battles is banned\n|rule|Species Clause: Limit one of each Pok\u00e9mon\n|rule|OHKO Clause: OHKO moves are banned\n|rule|Evasion Items Clause: Evasion items are banned\n|rule|Evasion Moves Clause: Evasion moves are banned\n|rule|Evasion Abilities Clause: Evasion abilities are banned\n|rule|Sleep Moves Clause: Sleep-inducing moves are banned\n|clearpoke\n|poke|p1|Azelf|\n|poke|p1|Ogerpon-Wellspring, F|\n|poke|p1|Scizor, M|\n|poke|p1|Gengar, M|\n|poke|p1|Raging Bolt|\n|poke|p1|Cinderace, F|\n|poke|p2|Dragonite, F|\n|poke|p2|Great Tusk|\n|poke|p2|Deoxys-Speed|\n|poke|p2|Gholdengo|\n|poke|p2|Zamazenta-*|\n|poke|p2|Iron Valiant|\n|teampreview\n|inactive|Battle timer is ON: inactive players will automatically lose when time's up. (requested by lolcano46)\n|\n|t:|1788273125\n|teamsize|p1|6\n|teamsize|p2|6\n|start\n|switch|p1a: Gengar|Gengar, M|100/100\n|switch|p2a: Deoxys|Deoxys-Speed|100/100\n|-ability|p2a: Deoxys|Pressure\n|turn|1\n|\n|t:|1788273134\n|move|p1a: Gengar|Shadow Ball|p2a: Deoxys\n|-supereffective|p2a: Deoxys\n|-enditem|p2a: Deoxys|Focus Sash\n|-damage|p2a: Deoxys|1/100\n|-unboost|p2a: Deoxys|spd|1\n|move|p2a: Deoxys|Stealth Rock|p1a: Gengar\n|-sidestart|p1: lolcano46|move: Stealth Rock\n|\n|upkeep\n|turn|2\n|\n|t:|1788273147\n|move|p1a: Gengar|Shadow Ball|p2a: Deoxys\n|-supereffective|p2a: Deoxys\n|-damage|p2a: Deoxys|0 fnt\n|faint|p2a: Deoxys\n|\n|upkeep\n|\n|t:|1788273149\n|switch|p2a: Zamazenta|Zamazenta|100/100\n|-ability|p2a: Zamazenta|Dauntless Shield|boost\n|-boost|p2a: Zamazenta|def|1\n|turn|3\n|\n|t:|1788273153\n|move|p1a: Gengar|Shadow Ball|p2a: Zamazenta\n|-damage|p2a: Zamazenta|60/100\n|-unboost|p2a: Zamazenta|spd|1\n|move|p2a: Zamazenta|Crunch|p1a: Gengar\n|-supereffective|p1a: Gengar\n|-damage|p1a: Gengar|0 fnt\n|-start|p2a: Zamazenta|Disable|Crunch|[from] ability: Cursed Body|[of] p1a: Gengar\n|faint|p1a: Gengar\n|-damage|p2a: Zamazenta|51/100|[from] item: Life Orb\n|\n|upkeep\n|\n|t:|1788273160\n|switch|p1a: Azelf|Azelf|100/100\n|-damage|p1a: Azelf|88/100|[from] Stealth Rock\n|turn|4\n|\n|t:|1788273166\n|switch|p2a: Gholdengo|Gholdengo|100/100\n|move|p1a: Azelf|Flamethrower|p2a: Gholdengo\n|-supereffective|p2a: Gholdengo\n|-damage|p2a: Gholdengo|32/100\n|\n|upkeep\n|turn|5\n|\n|t:|1788273173\n|move|p1a: Azelf|Flamethrower|p2a: Gholdengo\n|-supereffective|p2a: Gholdengo\n|-damage|p2a: Gholdengo|0 fnt\n|faint|p2a: Gholdengo\n|\n|upkeep\n|\n|t:|1788273180\n|switch|p2a: Iron Valiant|Iron Valiant|100/100\n|-enditem|p2a: Iron Valiant|Booster Energy\n|-activate|p2a: Iron Valiant|ability: Quark Drive|[fromitem]\n|-start|p2a: Iron Valiant|quarkdrivespe\n|turn|6\n|\n|t:|1788273185\n|-terastallize|p1a: Azelf|Fairy\n|move|p2a: Iron Valiant|Knock Off|p1a: Azelf\n|-resisted|p1a: Azelf\n|-crit|p1a: Azelf\n|-damage|p1a: Azelf|55/100\n|-enditem|p1a: Azelf|Expert Belt|[from] move: Knock Off|[of] p2a: Iron Valiant\n|move|p1a: Azelf|Dazzling Gleam|p2a: Iron Valiant\n|-supereffective|p2a: Iron Valiant\n|-damage|p2a: Iron Valiant|0 fnt\n|faint|p2a: Iron Valiant\n|-end|p2a: Iron Valiant|Quark Drive|[silent]\n|\n|upkeep\n|\n|t:|1788273196\n|switch|p2a: Dragonite|Dragonite, F|100/100\n|turn|7\n|\n|t:|1788273198\n|move|p2a: Dragonite|Extreme Speed|p1a: Azelf\n|-damage|p1a: Azelf|0 fnt\n|faint|p1a: Azelf\n|-damage|p2a: Dragonite|91/100|[from] item: Life Orb\n|\n|upkeep\n|\n|t:|1788273200\n|switch|p1a: Cinderace|Cinderace, F|100/100\n|turn|8\n|\n|t:|1788273207\n|-terastallize|p2a: Dragonite|Fire\n|move|p1a: Cinderace|Will-O-Wisp|p2a: Dragonite\n|-immune|p2a: Dragonite\n|move|p2a: Dragonite|Dragon Dance|p2a: Dragonite\n|-boost|p2a: Dragonite|atk|1\n|-boost|p2a: Dragonite|spe|1\n|\n|upkeep\n|turn|9\n|\n|t:|1788273218\n|move|p2a: Dragonite|Dragon Dance|p2a: Dragonite\n|-boost|p2a: Dragonite|atk|1\n|-boost|p2a: Dragonite|spe|1\n|move|p1a: Cinderace|Pyro Ball|p2a: Dragonite\n|-resisted|p2a: Dragonite\n|-damage|p2a: Dragonite|60/100\n|\n|upkeep\n|turn|10\n|\n|t:|1788273224\n|move|p1a: Cinderace|Sucker Punch|p2a: Dragonite\n|-start|p1a: Cinderace|typechange|Dark|[from] ability: Libero\n|-damage|p2a: Dragonite|25/100\n|move|p2a: Dragonite|Outrage|p1a: Cinderace\n|-damage|p1a: Cinderace|0 fnt\n|faint|p1a: Cinderace\n|-damage|p2a: Dragonite|15/100|[from] item: Life Orb\n|\n|upkeep\n|\n|t:|1788273227\n|switch|p1a: Scizor|Scizor, M|100/100\n|-damage|p1a: Scizor|88/100|[from] Stealth Rock\n|turn|11\n|\n|t:|1788273229\n|move|p1a: Scizor|Bullet Punch|p2a: Dragonite\n|-resisted|p2a: Dragonite\n|-damage|p2a: Dragonite|0 fnt\n|faint|p2a: Dragonite\n|\n|upkeep\n|\n|t:|1788273232\n|switch|p2a: Great Tusk|Great Tusk|100/100\n|-enditem|p2a: Great Tusk|Booster Energy\n|-activate|p2a: Great Tusk|ability: Protosynthesis|[fromitem]\n|-start|p2a: Great Tusk|protosynthesisspe\n|turn|12\n|\n|t:|1788273235\n|move|p2a: Great Tusk|Bulk Up|p2a: Great Tusk\n|-boost|p2a: Great Tusk|atk|1\n|-boost|p2a: Great Tusk|def|1\n|move|p1a: Scizor|Swords Dance|p1a: Scizor\n|-boost|p1a: Scizor|atk|2\n|\n|upkeep\n|turn|13\n|\n|t:|1788273242\n|move|p1a: Scizor|Bullet Punch|p2a: Great Tusk\n|-damage|p2a: Great Tusk|67/100\n|move|p2a: Great Tusk|Bulk Up|p2a: Great Tusk\n|-boost|p2a: Great Tusk|atk|1\n|-boost|p2a: Great Tusk|def|1\n|\n|upkeep\n|turn|14\n|\n|t:|1788273247\n|move|p1a: Scizor|Bullet Punch|p2a: Great Tusk\n|-damage|p2a: Great Tusk|43/100\n|move|p2a: Great Tusk|Headlong Rush|p1a: Scizor\n|-damage|p1a: Scizor|0 fnt\n|-unboost|p2a: Great Tusk|def|1\n|-unboost|p2a: Great Tusk|spd|1\n|faint|p1a: Scizor\n|\n|upkeep\n|\n|t:|1788273250\n|switch|p1a: Ogerpon|Ogerpon-Wellspring, F|100/100\n|-damage|p1a: Ogerpon|88/100|[from] Stealth Rock\n|turn|15\n|\n|t:|1788273263\n|move|p2a: Great Tusk|Headlong Rush|p1a: Ogerpon\n|-resisted|p1a: Ogerpon\n|-damage|p1a: Ogerpon|24/100\n|-unboost|p2a: Great Tusk|def|1\n|-unboost|p2a: Great Tusk|spd|1\n|move|p1a: Ogerpon|Horn Leech|p2a: Great Tusk\n|-supereffective|p2a: Great Tusk\n|-damage|p2a: Great Tusk|0 fnt\n|-heal|p1a: Ogerpon|54/100|[from] drain|[of] p2a: Great Tusk\n|faint|p2a: Great Tusk\n|-end|p2a: Great Tusk|Protosynthesis|[silent]\n|\n|upkeep\n|\n|t:|1788273268\n|switch|p2a: Zamazenta|Zamazenta|51/100\n|turn|16\n|\n|t:|1788273274\n|move|p2a: Zamazenta|Close Combat|p1a: Ogerpon\n|-damage|p1a: Ogerpon|0 fnt\n|-unboost|p2a: Zamazenta|def|1\n|-unboost|p2a: Zamazenta|spd|1\n|faint|p1a: Ogerpon\n|-damage|p2a: Zamazenta|41/100|[from] item: Life Orb\n|\n|upkeep\n|\n|t:|1788273276\n|switch|p1a: Raging Bolt|Raging Bolt|100/100\n|-damage|p1a: Raging Bolt|88/100|[from] Stealth Rock\n|-enditem|p1a: Raging Bolt|Booster Energy\n|-activate|p1a: Raging Bolt|ability: Protosynthesis|[fromitem]\n|-start|p1a: Raging Bolt|protosynthesisspa\n|turn|17\n|\n|t:|1788273280\n|move|p2a: Zamazenta|Ice Fang|p1a: Raging Bolt\n|-supereffective|p1a: Raging Bolt\n|-damage|p1a: Raging Bolt|33/100\n|-damage|p2a: Zamazenta|31/100|[from] item: Life Orb\n|move|p1a: Raging Bolt|Thunderbolt|p2a: Zamazenta\n|-damage|p2a: Zamazenta|0 fnt\n|faint|p2a: Zamazenta\n|\n|win|lolcano46\n|raw|lolcano46's rating: 1641 &rarr; <strong>1656</strong><br />(+15 for winning)\n|raw|NeveringStar's rating: 1545 &rarr; <strong>1530</strong><br />(-15 for losing)\n|l|\u2606NeveringStar\n|player|p2|\n|l|\u2606lolcano46\n|player|p1|\n", "uploadtime": 1788273519, "views": "3", "formatid": "gen9ou", "rating": 1530, "private": 0, "password": null}