{"id": "gen9ou-2673982642", "format": "[Gen 9] OU", "players": ["d3grad3 m3", "Lucid Coffee"], "log": "|j|\u203dd3grad3 m3\n|j|\u2606Lucid Coffee\n|t:|1788284647\n|gametype|singles\n|player|p1|d3grad3 m3|swimmerf|1437\n|player|p2|Lucid Coffee|blue|1501\n|gen|9\n|tier|[Gen 9] OU\n|rated|\n|rule|HP Percentage Mod: HP is shown in percentages\n|rule|Endless Battle Clause: Forcing endless battles is banned\n|rule|Species Clause: Limit one of each Pok\u00e9mon\n|rule|OHKO Clause: OHKO moves are banned\n|rule|Evasion Items Clause: Evasion items are banned\n|rule|Evasion Moves Clause: Evasion moves are banned\n|rule|Evasion Abilities Clause: Evasion abilities are banned\n|rule|Sleep Moves Clause: Sleep-inducing moves are banned\n|clearpoke\n|poke|p1|Zamazenta-*|\n|poke|p1|Ninetales-Alola, M|\n|poke|p1|Manaphy|\n|poke|p1|Great Tusk|\n|poke|p1|Samurott-Hisui, F|\n|poke|p1|Cresselia, F|\n|poke|p2|Deoxys-Speed|\n|poke|p2|Indeedee, M|\n|poke|p2|Armarouge, M|\n|poke|p2|Hatterene, F|\n|poke|p2|Cinderace, M|\n|poke|p2|Hawlucha, M|\n|teampreview\n|\n|t:|1788284651\n|teamsize|p1|6\n|teamsize|p2|6\n|start\n|switch|p1a: Samurott|Samurott-Hisui, F|100/100\n|switch|p2a: Deoxys|Deoxys-Speed|100/100\n|-ability|p2a: Deoxys|Pressure\n|turn|1\n|\n|t:|1788284661\n|move|p2a: Deoxys|Superpower|p1a: Samurott\n|-supereffective|p1a: Samurott\n|-damage|p1a: Samurott|17/100\n|-unboost|p2a: Deoxys|atk|1\n|-unboost|p2a: Deoxys|def|1\n|-enditem|p2a: Deoxys|Eject Pack\n|\n|t:|1788284668\n|switch|p2a: Hatterene|Hatterene, F|100/100\n|move|p1a: Samurott|Ceaseless Edge|p2a: Hatterene\n|-damage|p2a: Hatterene|67/100\n|-sidestart|p2: Lucid Coffee|Spikes\n|-enditem|p2a: Hatterene|Eject Button\n|\n|t:|1788284674\n|switch|p2a: Cinderace|Cinderace, M|100/100\n|-damage|p2a: Cinderace|88/100|[from] Spikes\n|\n|upkeep\n|turn|2\n|\n|t:|1788284684\n|move|p1a: Samurott|Sucker Punch|p2a: Cinderace\n|-damage|p2a: Cinderace|47/100\n|move|p2a: Cinderace|U-turn|p1a: Samurott\n|-start|p2a: Cinderace|typechange|Bug|[from] ability: Libero\n|-supereffective|p1a: Samurott\n|-damage|p1a: Samurott|0 fnt\n|faint|p1a: Samurott\n|\n|t:|1788284695\n|switch|p2a: Indeedee|Indeedee, M|100/100|[from] U-turn\n|-damage|p2a: Indeedee|88/100|[from] Spikes\n|-fieldstart|move: Psychic Terrain|[from] ability: Psychic Surge|[of] p2a: Indeedee\n|\n|upkeep\n|\n|t:|1788284701\n|switch|p1a: Ninetales|Ninetales-Alola, M|100/100\n|-weather|Snowscape|[from] ability: Snow Warning|[of] p1a: Ninetales\n|turn|3\n|\n|t:|1788284707\n|move|p1a: Ninetales|Aurora Veil|p1a: Ninetales\n|-sidestart|p1: d3grad3 m3|move: Aurora Veil\n|move|p2a: Indeedee|Encore|p1a: Ninetales\n|-start|p1a: Ninetales|Encore\n|\n|-weather|Snowscape|[upkeep]\n|upkeep\n|turn|4\n|\n|t:|1788284717\n|switch|p1a: Manaphy|Manaphy|100/100\n|move|p2a: Indeedee|Expanding Force|p1a: Manaphy\n|-damage|p1a: Manaphy|76/100\n|\n|-weather|Snowscape|[upkeep]\n|upkeep\n|turn|5\n|\n|t:|1788284725\n|move|p1a: Manaphy|Supersonic|p2a: Indeedee|[miss]\n|-miss|p1a: Manaphy|p2a: Indeedee\n|-enditem|p1a: Manaphy|Blunder Policy\n|-boost|p1a: Manaphy|spe|2\n|move|p2a: Indeedee|Encore|p1a: Manaphy\n|-start|p1a: Manaphy|Encore\n|\n|-weather|Snowscape|[upkeep]\n|upkeep\n|turn|6\n|\n|t:|1788284730\n|switch|p2a: Hatterene|Hatterene, F|67/100\n|-damage|p2a: Hatterene|55/100|[from] Spikes\n|move|p1a: Manaphy|Supersonic|p2a: Hatterene\n|move|p2a: Hatterene|Supersonic|p1a: Manaphy|[from] ability: Magic Bounce\n|-start|p1a: Manaphy|confusion\n|\n|-weather|Snowscape|[upkeep]\n|upkeep\n|turn|7\n|\n|t:|1788284737\n|-activate|p1a: Manaphy|confusion\n|move|p1a: Manaphy|Supersonic|p2a: Hatterene\n|move|p2a: Hatterene|Supersonic||[from] ability: Magic Bounce|[still]\n|-fail|p2a: Hatterene\n|move|p2a: Hatterene|Nuzzle|p1a: Manaphy\n|-supereffective|p1a: Manaphy\n|-damage|p1a: Manaphy|72/100\n|-status|p1a: Manaphy|par\n|\n|-weather|none\n|upkeep\n|turn|8\n|\n|t:|1788284747\n|-activate|p1a: Manaphy|confusion\n|cant|p1a: Manaphy|par\n|move|p2a: Hatterene|Expanding Force|p1a: Manaphy\n|-damage|p1a: Manaphy|40/100 par\n|\n|-end|p1a: Manaphy|Encore\n|upkeep\n|turn|9\n|\n|t:|1788284752\n|-end|p1a: Manaphy|confusion\n|move|p1a: Manaphy|Tail Glow|p1a: Manaphy\n|-boost|p1a: Manaphy|spa|3\n|move|p2a: Hatterene|Expanding Force|p1a: Manaphy\n|-damage|p1a: Manaphy|7/100 par\n|\n|-fieldend|move: Psychic Terrain\n|upkeep\n|turn|10\n|\n|t:|1788284756\n|move|p1a: Manaphy|Alluring Voice|p2a: Hatterene\n|-damage|p2a: Hatterene|0 fnt\n|faint|p2a: Hatterene\n|\n|-sideend|p1: d3grad3 m3|move: Aurora Veil\n|upkeep\n|\n|t:|1788284762\n|switch|p2a: Cinderace|Cinderace, M|47/100\n|-damage|p2a: Cinderace|34/100|[from] Spikes\n|turn|11\n|\n|t:|1788284770\n|move|p2a: Cinderace|Pyro Ball|p1a: Manaphy\n|-resisted|p1a: Manaphy\n|-damage|p1a: Manaphy|0 fnt\n|faint|p1a: Manaphy\n|\n|upkeep\n|\n|t:|1788284772\n|switch|p1a: Cresselia|Cresselia, F|100/100\n|turn|12\n|\n|t:|1788284777\n|switch|p1a: Zamazenta|Zamazenta|100/100\n|-ability|p1a: Zamazenta|Dauntless Shield|boost\n|-boost|p1a: Zamazenta|def|1\n|move|p2a: Cinderace|Pyro Ball|p1a: Zamazenta\n|-damage|p1a: Zamazenta|71/100\n|\n|-heal|p1a: Zamazenta|77/100|[from] item: Leftovers\n|upkeep\n|turn|13\n|\n|t:|1788284782\n|switch|p2a: Deoxys|Deoxys-Speed|100/100\n|-damage|p2a: Deoxys|88/100|[from] Spikes\n|-ability|p2a: Deoxys|Pressure\n|move|p1a: Zamazenta|Iron Defense|p1a: Zamazenta\n|-boost|p1a: Zamazenta|def|2\n|\n|-heal|p1a: Zamazenta|83/100|[from] item: Leftovers\n|upkeep\n|turn|14\n|\n|t:|1788284792\n|move|p2a: Deoxys|Psycho Boost|p1a: Zamazenta\n|-supereffective|p1a: Zamazenta\n|-damage|p1a: Zamazenta|0 fnt\n|-unboost|p2a: Deoxys|spa|2\n|faint|p1a: Zamazenta\n|\n|upkeep\n|\n|t:|1788284795\n|switch|p1a: Cresselia|Cresselia, F|100/100\n|turn|15\n|\n|t:|1788284800\n|move|p2a: Deoxys|Knock Off|p1a: Cresselia\n|-supereffective|p1a: Cresselia\n|-damage|p1a: Cresselia|72/100\n|-enditem|p1a: Cresselia|Covert Cloak|[from] move: Knock Off|[of] p2a: Deoxys\n|move|p1a: Cresselia|Calm Mind|p1a: Cresselia\n|-boost|p1a: Cresselia|spa|1\n|-boost|p1a: Cresselia|spd|1\n|\n|upkeep\n|turn|16\n|\n|t:|1788284807\n|switch|p2a: Cinderace|Cinderace, M|34/100\n|-damage|p2a: Cinderace|22/100|[from] Spikes\n|move|p1a: Cresselia|Moonblast|p2a: Cinderace\n|-resisted|p2a: Cinderace\n|-damage|p2a: Cinderace|5/100\n|\n|upkeep\n|turn|17\n|\n|t:|1788284812\n|switch|p1a: Ninetales|Ninetales-Alola, M|100/100\n|-weather|Snowscape|[from] ability: Snow Warning|[of] p1a: Ninetales\n|move|p2a: Cinderace|U-turn|p1a: Ninetales\n|-start|p2a: Cinderace|typechange|Bug|[from] ability: Libero\n|-resisted|p1a: Ninetales\n|-damage|p1a: Ninetales|86/100\n|\n|t:|1788284818\n|switch|p2a: Indeedee|Indeedee, M|88/100|[from] U-turn\n|-damage|p2a: Indeedee|76/100|[from] Spikes\n|-fieldstart|move: Psychic Terrain|[from] ability: Psychic Surge|[of] p2a: Indeedee\n|\n|-weather|Snowscape|[upkeep]\n|upkeep\n|turn|18\n|\n|t:|1788284823\n|move|p1a: Ninetales|Freeze-Dry|p2a: Indeedee\n|-damage|p2a: Indeedee|53/100\n|move|p2a: Indeedee|Encore|p1a: Ninetales\n|-start|p1a: Ninetales|Encore\n|\n|-weather|Snowscape|[upkeep]\n|upkeep\n|turn|19\n|\n|t:|1788284828\n|move|p1a: Ninetales|Freeze-Dry|p2a: Indeedee\n|-damage|p2a: Indeedee|29/100\n|move|p2a: Indeedee|Healing Wish|p2a: Indeedee\n|faint|p2a: Indeedee\n|\n|-weather|Snowscape|[upkeep]\n|upkeep\n|\n|t:|1788284834\n|switch|p2a: Cinderace|Cinderace, M|5/100\n|-heal|p2a: Cinderace|100/100|[from] move: Healing Wish\n|-damage|p2a: Cinderace|88/100|[from] Spikes\n|turn|20\n|\n|t:|1788284837\n|switch|p1a: Great Tusk|Great Tusk|100/100\n|move|p2a: Cinderace|Pyro Ball|p1a: Great Tusk\n|-crit|p1a: Great Tusk\n|-damage|p1a: Great Tusk|32/100\n|\n|-weather|Snowscape|[upkeep]\n|upkeep\n|turn|21\n|\n|t:|1788284841\n|move|p2a: Cinderace|Pyro Ball|p1a: Great Tusk\n|-damage|p1a: Great Tusk|0 fnt\n|faint|p1a: Great Tusk\n|-end|p1a: Great Tusk|Protosynthesis|[silent]\n|\n|-weather|none\n|upkeep\n|\n|t:|1788284842\n|switch|p1a: Ninetales|Ninetales-Alola, M|86/100\n|-weather|Snowscape|[from] ability: Snow Warning|[of] p1a: Ninetales\n|turn|22\n|\n|t:|1788284843\n|move|p2a: Cinderace|Pyro Ball|p1a: Ninetales\n|-supereffective|p1a: Ninetales\n|-damage|p1a: Ninetales|0 fnt\n|faint|p1a: Ninetales\n|\n|-weather|Snowscape|[upkeep]\n|upkeep\n|\n|t:|1788284845\n|switch|p1a: Cresselia|Cresselia, F|72/100\n|turn|23\n|\n|t:|1788284849\n|-terastallize|p2a: Cinderace|Fire\n|move|p2a: Cinderace|Pyro Ball|p1a: Cresselia|[miss]\n|-miss|p2a: Cinderace|p1a: Cresselia\n|move|p1a: Cresselia|Calm Mind|p1a: Cresselia\n|-boost|p1a: Cresselia|spa|1\n|-boost|p1a: Cresselia|spd|1\n|\n|-weather|Snowscape|[upkeep]\n|upkeep\n|turn|24\n|\n|t:|1788284853\n|move|p2a: Cinderace|Pyro Ball|p1a: Cresselia\n|-damage|p1a: Cresselia|25/100\n|move|p1a: Cresselia|Moonlight|p1a: Cresselia\n|-heal|p1a: Cresselia|50/100\n|\n|-weather|Snowscape|[upkeep]\n|-fieldend|move: Psychic Terrain\n|upkeep\n|turn|25\n|\n|t:|1788284865\n|move|p2a: Cinderace|Pyro Ball|p1a: Cresselia\n|-damage|p1a: Cresselia|7/100\n|move|p1a: Cresselia|Moonlight|p1a: Cresselia\n|-heal|p1a: Cresselia|32/100\n|\n|-weather|Snowscape|[upkeep]\n|upkeep\n|turn|26\n|\n|t:|1788284872\n|switch|p2a: Armarouge|Armarouge, M|100/100\n|-damage|p2a: Armarouge|88/100|[from] Spikes\n|move|p1a: Cresselia|Moonlight|p1a: Cresselia\n|-heal|p1a: Cresselia|57/100\n|\n|-weather|none\n|upkeep\n|turn|27\n|\n|t:|1788284876\n|move|p2a: Armarouge|Armor Cannon|p1a: Cresselia\n|-damage|p1a: Cresselia|29/100\n|-unboost|p2a: Armarouge|def|1\n|-unboost|p2a: Armarouge|spd|1\n|move|p1a: Cresselia|Calm Mind|p1a: Cresselia\n|-boost|p1a: Cresselia|spa|1\n|-boost|p1a: Cresselia|spd|1\n|\n|upkeep\n|turn|28\n|\n|t:|1788284882\n|move|p2a: Armarouge|Armor Cannon|p1a: Cresselia\n|-damage|p1a: Cresselia|9/100\n|-unboost|p2a: Armarouge|def|1\n|-unboost|p2a: Armarouge|spd|1\n|move|p1a: Cresselia|Moonlight|p1a: Cresselia\n|-heal|p1a: Cresselia|59/100\n|\n|upkeep\n|turn|29\n|\n|t:|1788284886\n|move|p2a: Armarouge|Armor Cannon|p1a: Cresselia\n|-damage|p1a: Cresselia|38/100\n|-unboost|p2a: Armarouge|def|1\n|-unboost|p2a: Armarouge|spd|1\n|move|p1a: Cresselia|Calm Mind|p1a: Cresselia\n|-boost|p1a: Cresselia|spa|1\n|-boost|p1a: Cresselia|spd|1\n|\n|upkeep\n|turn|30\n|\n|t:|1788284889\n|move|p2a: Armarouge|Armor Cannon|p1a: Cresselia\n|-damage|p1a: Cresselia|21/100\n|-unboost|p2a: Armarouge|def|1\n|-unboost|p2a: Armarouge|spd|1\n|move|p1a: Cresselia|Moonlight|p1a: Cresselia\n|-heal|p1a: Cresselia|71/100\n|\n|upkeep\n|turn|31\n|\n|t:|1788284896\n|move|p2a: Armarouge|Armor Cannon|p1a: Cresselia\n|-damage|p1a: Cresselia|54/100\n|-unboost|p2a: Armarouge|def|1\n|-unboost|p2a: Armarouge|spd|1\n|move|p1a: Cresselia|Calm Mind|p1a: Cresselia\n|-boost|p1a: Cresselia|spa|1\n|-boost|p1a: Cresselia|spd|1\n|\n|upkeep\n|turn|32\n|\n|t:|1788284899\n|move|p2a: Armarouge|Armor Cannon|p1a: Cresselia\n|-damage|p1a: Cresselia|40/100\n|-unboost|p2a: Armarouge|def|1\n|-unboost|p2a: Armarouge|spd|1\n|move|p1a: Cresselia|Calm Mind|p1a: Cresselia\n|-boost|p1a: Cresselia|spa|1\n|-boost|p1a: Cresselia|spd|1\n|\n|upkeep\n|turn|33\n|\n|t:|1788284903\n|move|p2a: Armarouge|Armor Cannon|p1a: Cresselia\n|-damage|p1a: Cresselia|29/100\n|move|p1a: Cresselia|Calm Mind|p1a: Cresselia\n|-boost|p1a: Cresselia|spa|1\n|-boost|p1a: Cresselia|spd|1\n|\n|upkeep\n|turn|34\n|\n|t:|1788284906\n|move|p2a: Armarouge|Armor Cannon|p1a: Cresselia\n|-damage|p1a: Cresselia|19/100\n|move|p1a: Cresselia|Moonlight|p1a: Cresselia\n|-heal|p1a: Cresselia|69/100\n|\n|upkeep\n|turn|35\n|\n|t:|1788284913\n|switch|p2a: Cinderace|Cinderace, M, tera:Fire|88/100\n|-damage|p2a: Cinderace|76/100|[from] Spikes\n|move|p1a: Cresselia|Moonblast|p2a: Cinderace\n|-resisted|p2a: Cinderace\n|-damage|p2a: Cinderace|32/100\n|-unboost|p2a: Cinderace|spa|1\n|\n|upkeep\n|turn|36\n|\n|t:|1788284917\n|move|p2a: Cinderace|U-turn|p1a: Cresselia\n|-supereffective|p1a: Cresselia\n|-damage|p1a: Cresselia|44/100\n|\n|t:|1788284923\n|switch|p2a: Deoxys|Deoxys-Speed|88/100|[from] U-turn\n|-damage|p2a: Deoxys|76/100|[from] Spikes\n|-ability|p2a: Deoxys|Pressure\n|move|p1a: Cresselia|Moonblast|p2a: Deoxys\n|-damage|p2a: Deoxys|0 fnt\n|faint|p2a: Deoxys\n|\n|upkeep\n|\n|t:|1788284925\n|switch|p2a: Cinderace|Cinderace, M, tera:Fire|32/100\n|-damage|p2a: Cinderace|19/100|[from] Spikes\n|turn|37\n|\n|t:|1788284928\n|-terastallize|p1a: Cresselia|Poison\n|move|p2a: Cinderace|U-turn|p1a: Cresselia\n|-resisted|p1a: Cresselia\n|-damage|p1a: Cresselia|37/100\n|\n|t:|1788284934\n|switch|p2a: Hawlucha|Hawlucha, M|100/100|[from] U-turn\n|move|p1a: Cresselia|Moonlight|p1a: Cresselia\n|-heal|p1a: Cresselia|87/100\n|\n|upkeep\n|turn|38\n|\n|t:|1788284937\n|move|p2a: Hawlucha|Encore|p1a: Cresselia\n|-start|p1a: Cresselia|Encore\n|move|p1a: Cresselia|Moonlight|p1a: Cresselia\n|-heal|p1a: Cresselia|100/100\n|\n|-end|p1a: Cresselia|Encore\n|upkeep\n|turn|39\n|\n|t:|1788284940\n|move|p2a: Hawlucha|Encore||[still]\n|-fail|p2a: Hawlucha\n|move|p1a: Cresselia|Moonblast|p2a: Hawlucha\n|-supereffective|p2a: Hawlucha\n|-damage|p2a: Hawlucha|0 fnt\n|faint|p2a: Hawlucha\n|\n|upkeep\n|c|\u2606Lucid Coffee|?????\n|\n|t:|1788284950\n|switch|p2a: Armarouge|Armarouge, M|88/100\n|-damage|p2a: Armarouge|76/100|[from] Spikes\n|turn|40\n|\n|t:|1788284952\n|move|p2a: Armarouge|Expanding Force|p1a: Cresselia\n|-supereffective|p1a: Cresselia\n|-damage|p1a: Cresselia|86/100\n|move|p1a: Cresselia|Stored Power|p2a: Armarouge\n|-resisted|p2a: Armarouge\n|-damage|p2a: Armarouge|0 fnt\n|faint|p2a: Armarouge\n|\n|upkeep\n|\n|t:|1788284955\n|switch|p2a: Cinderace|Cinderace, M, tera:Fire|19/100\n|-damage|p2a: Cinderace|7/100|[from] Spikes\n|turn|41\n|inactive|Battle timer is ON: inactive players will automatically lose when time's up. (requested by Lucid Coffee)\n|\n|t:|1788284965\n|move|p2a: Cinderace|High Jump Kick|p1a: Cresselia|[miss]\n|-miss|p2a: Cinderace|p1a: Cresselia\n|-damage|p2a: Cinderace|0 fnt|[from] highjumpkick\n|faint|p2a: Cinderace\n|\n|win|d3grad3 m3\n|raw|d3grad3 m3's rating: 1437 &rarr; <strong>1461</strong><br />(+24 for winning)\n|raw|Lucid Coffee's rating: 1501 &rarr; <strong>1477</strong><br />(-24 for losing)\n|c|\u2606Lucid Coffee|gg\n", "uploadtime": 1788284968, "views": "7", "formatid": "gen9ou", "rating": 1461, "private": 0, "password": null}