{"id": "gen9ou-2673867544", "format": "[Gen 9] OU", "players": ["firemaniac", "lesbianmaxie"], "log": "|j|\u2606firemaniac\n|j|\u2606lesbianmaxie\n|t:|1788270730\n|gametype|singles\n|player|p1|firemaniac|cynthia-gen7|1578\n|player|p2|lesbianmaxie|maxie-gen3|1521\n|gen|9\n|tier|[Gen 9] OU\n|rated|\n|rule|HP Percentage Mod: HP is shown in percentages\n|rule|Endless Battle Clause: Forcing endless battles is banned\n|rule|Species Clause: Limit one of each Pok\u00e9mon\n|rule|OHKO Clause: OHKO moves are banned\n|rule|Evasion Items Clause: Evasion items are banned\n|rule|Evasion Moves Clause: Evasion moves are banned\n|rule|Evasion Abilities Clause: Evasion abilities are banned\n|rule|Sleep Moves Clause: Sleep-inducing moves are banned\n|clearpoke\n|poke|p1|Ogerpon-Wellspring, F|\n|poke|p1|Rillaboom, F|\n|poke|p1|Iron Moth|\n|poke|p1|Hawlucha, F|\n|poke|p1|Raging Bolt|\n|poke|p1|Iron Treads|\n|poke|p2|Great Tusk|\n|poke|p2|Moltres|\n|poke|p2|Ogerpon, F|\n|poke|p2|Darkrai|\n|poke|p2|Gholdengo|\n|poke|p2|Goodra-Hisui, F|\n|teampreview\n|inactive|Battle timer is ON: inactive players will automatically lose when time's up. (requested by lesbianmaxie)\n|inactive|firemaniac also wants the timer to be on.\n|\n|t:|1788270754\n|teamsize|p1|6\n|teamsize|p2|6\n|start\n|switch|p1a: Iron Treads|Iron Treads|100/100\n|switch|p2a: Jim Carrey|Ogerpon, F|100/100\n|-enditem|p1a: Iron Treads|Booster Energy\n|-activate|p1a: Iron Treads|ability: Quark Drive|[fromitem]\n|-start|p1a: Iron Treads|quarkdrivespe\n|turn|1\n|\n|t:|1788270763\n|move|p1a: Iron Treads|Stealth Rock|p2a: Jim Carrey\n|-sidestart|p2: lesbianmaxie|move: Stealth Rock\n|move|p2a: Jim Carrey|Ivy Cudgel|p1a: Iron Treads\n|-damage|p1a: Iron Treads|65/100\n|\n|upkeep\n|turn|2\n|\n|t:|1788270770\n|move|p1a: Iron Treads|Steel Beam|p2a: Jim Carrey\n|-damage|p2a: Jim Carrey|54/100\n|-damage|p1a: Iron Treads|15/100|[from] steelbeam\n|move|p2a: Jim Carrey|U-turn|p1a: Iron Treads\n|-resisted|p1a: Iron Treads\n|-damage|p1a: Iron Treads|7/100\n|\n|t:|1788270779\n|switch|p2a: Address Me.|Great Tusk|100/100|[from] U-turn\n|\n|upkeep\n|turn|3\n|\n|t:|1788270785\n|move|p1a: Iron Treads|Steel Beam|p2a: Address Me.\n|-damage|p2a: Address Me.|49/100\n|-damage|p1a: Iron Treads|0 fnt|[from] steelbeam\n|faint|p1a: Iron Treads\n|-end|p1a: Iron Treads|Quark Drive|[silent]\n|move|p2a: Address Me.|Stealth Rock|p1: Iron Treads\n|-sidestart|p1: firemaniac|move: Stealth Rock\n|\n|upkeep\n|\n|t:|1788270791\n|switch|p1a: Ogerpon|Ogerpon-Wellspring, F|100/100\n|-damage|p1a: Ogerpon|88/100|[from] Stealth Rock\n|turn|4\n|\n|t:|1788270810\n|-terastallize|p2a: Address Me.|Ice\n|move|p1a: Ogerpon|Ivy Cudgel|p2a: Address Me.|[anim] Ivy Cudgel Water\n|-damage|p2a: Address Me.|8/100\n|move|p2a: Address Me.|Rapid Spin|p1a: Ogerpon\n|-crit|p1a: Ogerpon\n|-damage|p1a: Ogerpon|59/100\n|-boost|p2a: Address Me.|spe|1\n|-sideend|p2: lesbianmaxie|Stealth Rock|[from] move: Rapid Spin|[of] p2a: Address Me.\n|\n|upkeep\n|turn|5\n|\n|t:|1788270821\n|move|p2a: Address Me.|Ice Spinner|p1a: Ogerpon\n|-damage|p1a: Ogerpon|11/100\n|move|p1a: Ogerpon|Ivy Cudgel|p2a: Address Me.|[anim] Ivy Cudgel Water\n|-damage|p2a: Address Me.|0 fnt\n|faint|p2a: Address Me.\n|-end|p2a: Address Me.|Protosynthesis|[silent]\n|\n|upkeep\n|\n|t:|1788270830\n|switch|p2a: Jim Carrey|Ogerpon, F|54/100\n|turn|6\n|\n|t:|1788270835\n|move|p2a: Jim Carrey|U-turn|p1a: Ogerpon\n|-supereffective|p1a: Ogerpon\n|-damage|p1a: Ogerpon|0 fnt\n|faint|p1a: Ogerpon\n|\n|t:|1788270846\n|switch|p2a: Goobra|Goodra-Hisui, F|100/100|[from] U-turn\n|\n|upkeep\n|\n|t:|1788270867\n|switch|p1a: Rillaboom|Rillaboom, F|100/100\n|-damage|p1a: Rillaboom|88/100|[from] Stealth Rock\n|-fieldstart|move: Grassy Terrain|[from] ability: Grassy Surge|[of] p1a: Rillaboom\n|turn|7\n|\n|t:|1788270872\n|switch|p2a: Bird up|Moltres|100/100\n|move|p1a: Rillaboom|U-turn|p2a: Bird up\n|-resisted|p2a: Bird up\n|-damage|p2a: Bird up|96/100\n|-status|p1a: Rillaboom|brn|[from] ability: Flame Body|[of] p2a: Bird up\n|\n|t:|1788270877\n|switch|p1a: Raging Bolt|Raging Bolt|100/100|[from] U-turn\n|-damage|p1a: Raging Bolt|88/100|[from] Stealth Rock\n|-enditem|p1a: Raging Bolt|Booster Energy\n|-activate|p1a: Raging Bolt|ability: Protosynthesis|[fromitem]\n|-start|p1a: Raging Bolt|protosynthesisspa\n|\n|-heal|p1a: Raging Bolt|94/100|[from] Grassy Terrain\n|upkeep\n|turn|8\n|\n|t:|1788270886\n|switch|p2a: Goobra|Goodra-Hisui, F|100/100\n|move|p1a: Raging Bolt|Thunderbolt|p2a: Goobra\n|-resisted|p2a: Goobra\n|-damage|p2a: Goobra|85/100\n|\n|-heal|p1a: Raging Bolt|100/100|[from] Grassy Terrain\n|-heal|p2a: Goobra|91/100|[from] Grassy Terrain\n|upkeep\n|turn|9\n|\n|t:|1788270894\n|move|p1a: Raging Bolt|Calm Mind|p1a: Raging Bolt\n|-boost|p1a: Raging Bolt|spa|1\n|-boost|p1a: Raging Bolt|spd|1\n|move|p2a: Goobra|Dragon Tail|p1a: Raging Bolt\n|-supereffective|p1a: Raging Bolt\n|-damage|p1a: Raging Bolt|65/100\n|-end|p1a: Raging Bolt|Protosynthesis|[silent]\n|drag|p1a: Rillaboom|Rillaboom, F|88/100 brn\n|-damage|p1a: Rillaboom|76/100 brn|[from] Stealth Rock\n|\n|-heal|p1a: Rillaboom|82/100 brn|[from] Grassy Terrain\n|-heal|p2a: Goobra|97/100|[from] Grassy Terrain\n|-damage|p1a: Rillaboom|76/100 brn|[from] brn\n|upkeep\n|turn|10\n|-message|firemaniac forfeited.\n|\n|win|lesbianmaxie\n|raw|firemaniac's rating: 1566 &rarr; <strong>1543</strong><br />(-23 for losing)\n|raw|lesbianmaxie's rating: 1521 &rarr; <strong>1544</strong><br />(+23 for winning)\n|l|\u2606firemaniac\n|player|p1|\n|l|\u2606lesbianmaxie\n|player|p2|\n", "uploadtime": 1788271076, "views": "1", "formatid": "gen9ou", "rating": 1543, "private": 0, "password": null}