{"id": "gen9ou-2674028044", "format": "[Gen 9] OU", "players": ["kangarooteam1", "Acastillo631"], "log": "|j|\u2606kangarooteam1\n|j|\u2606Acastillo631\n|t:|1788289973\n|gametype|singles\n|player|p1|kangarooteam1|1|1655\n|player|p2|Acastillo631|silver|1645\n|gen|9\n|tier|[Gen 9] OU\n|rated|\n|rule|HP Percentage Mod: HP is shown in percentages\n|rule|Endless Battle Clause: Forcing endless battles is banned\n|rule|Species Clause: Limit one of each Pok\u00e9mon\n|rule|OHKO Clause: OHKO moves are banned\n|rule|Evasion Items Clause: Evasion items are banned\n|rule|Evasion Moves Clause: Evasion moves are banned\n|rule|Evasion Abilities Clause: Evasion abilities are banned\n|rule|Sleep Moves Clause: Sleep-inducing moves are banned\n|clearpoke\n|poke|p1|Great Tusk|\n|poke|p1|Gholdengo|\n|poke|p1|Raging Bolt|\n|poke|p1|Iron Valiant|\n|poke|p1|Ogerpon-Wellspring, F|\n|poke|p1|Kingambit, M|\n|poke|p2|Iron Valiant|\n|poke|p2|Sinistcha|\n|poke|p2|Klefki, F|\n|poke|p2|Iron Treads|\n|poke|p2|Tyranitar, F|\n|poke|p2|Samurott-Hisui, F|\n|teampreview\n|inactive|Battle timer is ON: inactive players will automatically lose when time's up. (requested by kangarooteam1)\n|\n|t:|1788289983\n|teamsize|p1|6\n|teamsize|p2|6\n|start\n|switch|p1a: Kingambit|Kingambit, M|100/100\n|switch|p2a: Blade Armor|Samurott-Hisui, F|100/100\n|turn|1\n|\n|t:|1788289985\n|move|p2a: Blade Armor|Sacred Sword|p1a: Kingambit\n|-supereffective|p1a: Kingambit\n|-damage|p1a: Kingambit|0 fnt\n|faint|p1a: Kingambit\n|-end|p1a: Kingambit|fallenundefined|[silent]\n|\n|upkeep\n|\n|t:|1788289987\n|switch|p1a: Gholdengo|Gholdengo|100/100\n|-item|p1a: Gholdengo|Air Balloon\n|turn|2\n|\n|t:|1788289989\n|move|p2a: Blade Armor|Ceaseless Edge|p1a: Gholdengo|[miss]\n|-miss|p2a: Blade Armor|p1a: Gholdengo\n|move|p1a: Gholdengo|Nasty Plot|p1a: Gholdengo\n|-boost|p1a: Gholdengo|spa|2\n|\n|upkeep\n|turn|3\n|\n|t:|1788289991\n|-terastallize|p1a: Gholdengo|Fairy\n|move|p2a: Blade Armor|Ceaseless Edge|p1a: Gholdengo\n|-resisted|p1a: Gholdengo\n|-damage|p1a: Gholdengo|74/100\n|-enditem|p1a: Gholdengo|Air Balloon\n|-sidestart|p1: kangarooteam1|Spikes\n|move|p1a: Gholdengo|Shadow Ball|p2a: Blade Armor\n|-resisted|p2a: Blade Armor\n|-damage|p2a: Blade Armor|41/100\n|\n|upkeep\n|turn|4\n|\n|t:|1788289998\n|move|p2a: Blade Armor|Razor Shell|p1a: Gholdengo|[miss]\n|-miss|p2a: Blade Armor|p1a: Gholdengo\n|move|p1a: Gholdengo|Recover|p1a: Gholdengo\n|-heal|p1a: Gholdengo|100/100\n|\n|upkeep\n|turn|5\n|\n|t:|1788289999\n|move|p2a: Blade Armor|Ceaseless Edge|p1a: Gholdengo\n|-resisted|p1a: Gholdengo\n|-crit|p1a: Gholdengo\n|-damage|p1a: Gholdengo|64/100\n|-sidestart|p1: kangarooteam1|Spikes\n|move|p1a: Gholdengo|Shadow Ball|p2a: Blade Armor\n|-resisted|p2a: Blade Armor\n|-damage|p2a: Blade Armor|0 fnt\n|faint|p2a: Blade Armor\n|\n|upkeep\n|\n|t:|1788290013\n|switch|p2a: Armored Armadillo|Iron Treads|100/100\n|-item|p2a: Armored Armadillo|Air Balloon\n|turn|6\n|\n|t:|1788290018\n|-terastallize|p2a: Armored Armadillo|Ground\n|move|p2a: Armored Armadillo|Earthquake|p1a: Gholdengo\n|-damage|p1a: Gholdengo|0 fnt\n|faint|p1a: Gholdengo\n|\n|upkeep\n|\n|t:|1788290020\n|switch|p1a: Great Tusk|Great Tusk|100/100\n|-damage|p1a: Great Tusk|84/100|[from] Spikes\n|turn|7\n|\n|t:|1788290024\n|-end|p2a: Armored Armadillo|Quark Drive|[silent]\n|switch|p2a: Wire Sponge|Sinistcha|100/100\n|move|p1a: Great Tusk|Rapid Spin|p2a: Wire Sponge\n|-immune|p2a: Wire Sponge\n|\n|-heal|p1a: Great Tusk|90/100|[from] item: Leftovers\n|upkeep\n|turn|8\n|\n|t:|1788290027\n|-end|p1a: Great Tusk|Protosynthesis|[silent]\n|switch|p1a: Raging Bolt|Raging Bolt|100/100\n|-damage|p1a: Raging Bolt|84/100|[from] Spikes\n|move|p2a: Wire Sponge|Shadow Ball|p1a: Raging Bolt\n|-damage|p1a: Raging Bolt|57/100\n|\n|-heal|p1a: Raging Bolt|63/100|[from] item: Leftovers\n|upkeep\n|turn|9\n|\n|t:|1788290030\n|switch|p2a: Eregion|Tyranitar, F|100/100\n|-weather|Sandstorm|[from] ability: Sand Stream|[of] p2a: Eregion\n|move|p1a: Raging Bolt|Dragon Pulse|p2a: Eregion\n|-damage|p2a: Eregion|79/100\n|\n|-weather|Sandstorm|[upkeep]\n|-damage|p1a: Raging Bolt|57/100|[from] Sandstorm\n|-heal|p1a: Raging Bolt|63/100|[from] item: Leftovers\n|-heal|p2a: Eregion|85/100|[from] item: Leftovers\n|upkeep\n|turn|10\n|\n|t:|1788290033\n|move|p1a: Raging Bolt|Thunderbolt|p2a: Eregion\n|-damage|p2a: Eregion|63/100\n|move|p2a: Eregion|Ice Beam|p1a: Raging Bolt\n|-supereffective|p1a: Raging Bolt\n|-damage|p1a: Raging Bolt|29/100\n|\n|-weather|Sandstorm|[upkeep]\n|-damage|p1a: Raging Bolt|22/100|[from] Sandstorm\n|-heal|p1a: Raging Bolt|29/100|[from] item: Leftovers\n|-heal|p2a: Eregion|69/100|[from] item: Leftovers\n|upkeep\n|turn|11\n|\n|t:|1788290051\n|move|p1a: Raging Bolt|Thunderbolt|p2a: Eregion\n|-damage|p2a: Eregion|47/100\n|move|p2a: Eregion|Stealth Rock|p1a: Raging Bolt\n|-sidestart|p1: kangarooteam1|move: Stealth Rock\n|\n|-weather|Sandstorm|[upkeep]\n|-damage|p1a: Raging Bolt|22/100|[from] Sandstorm\n|-heal|p1a: Raging Bolt|29/100|[from] item: Leftovers\n|-heal|p2a: Eregion|53/100|[from] item: Leftovers\n|upkeep\n|turn|12\n|\n|t:|1788290057\n|move|p1a: Raging Bolt|Thunderbolt|p2a: Eregion\n|-damage|p2a: Eregion|31/100\n|-status|p2a: Eregion|par\n|move|p2a: Eregion|Knock Off|p1a: Raging Bolt\n|-damage|p1a: Raging Bolt|0 fnt\n|-enditem|p1a: Raging Bolt|Leftovers|[from] move: Knock Off|[of] p2a: Eregion\n|faint|p1a: Raging Bolt\n|-end|p1a: Raging Bolt|Protosynthesis|[silent]\n|\n|-weather|Sandstorm|[upkeep]\n|-heal|p2a: Eregion|37/100 par|[from] item: Leftovers\n|upkeep\n|\n|t:|1788290059\n|switch|p1a: Iron Valiant|Iron Valiant|100/100\n|-damage|p1a: Iron Valiant|84/100|[from] Spikes\n|-damage|p1a: Iron Valiant|78/100|[from] Stealth Rock\n|-enditem|p1a: Iron Valiant|Booster Energy\n|-activate|p1a: Iron Valiant|ability: Quark Drive|[fromitem]\n|-start|p1a: Iron Valiant|quarkdrivespe\n|turn|13\n|\n|t:|1788290061\n|move|p1a: Iron Valiant|Moonblast|p2a: Eregion\n|-supereffective|p2a: Eregion\n|-damage|p2a: Eregion|0 fnt\n|faint|p2a: Eregion\n|\n|-weather|none\n|upkeep\n|\n|t:|1788290063\n|switch|p2a: Redips|Klefki, F|100/100\n|turn|14\n|\n|t:|1788290065\n|move|p2a: Redips|Thunder Wave|p1a: Iron Valiant|[miss]\n|-miss|p2a: Redips|p1a: Iron Valiant\n|move|p1a: Iron Valiant|Thunderbolt|p2a: Redips\n|-damage|p2a: Redips|65/100\n|\n|upkeep\n|turn|15\n|\n|t:|1788290067\n|move|p2a: Redips|Thunder Wave|p1a: Iron Valiant\n|-status|p1a: Iron Valiant|par\n|move|p1a: Iron Valiant|Moonblast|p2a: Redips\n|-resisted|p2a: Redips\n|-damage|p2a: Redips|36/100\n|\n|upkeep\n|turn|16\n|\n|t:|1788290072\n|move|p1a: Iron Valiant|Moonblast|p2a: Redips\n|-resisted|p2a: Redips\n|-damage|p2a: Redips|6/100\n|move|p2a: Redips|Dazzling Gleam|p1a: Iron Valiant\n|-supereffective|p1a: Iron Valiant\n|-damage|p1a: Iron Valiant|0 fnt\n|faint|p1a: Iron Valiant\n|-end|p1a: Iron Valiant|Quark Drive|[silent]\n|\n|upkeep\n|\n|t:|1788290074\n|switch|p1a: Ogerpon|Ogerpon-Wellspring, F|100/100\n|-damage|p1a: Ogerpon|84/100|[from] Spikes\n|-damage|p1a: Ogerpon|72/100|[from] Stealth Rock\n|turn|17\n|\n|t:|1788290085\n|move|p2a: Redips|Thunder Wave|p1a: Ogerpon\n|-status|p1a: Ogerpon|par\n|move|p1a: Ogerpon|Horn Leech|p2a: Redips\n|-resisted|p2a: Redips\n|-damage|p2a: Redips|0 fnt\n|-heal|p1a: Ogerpon|75/100 par|[from] drain|[of] p2a: Redips\n|-damage|p1a: Ogerpon|58/100 par|[from] item: Rocky Helmet|[of] p2a: Redips\n|faint|p2a: Redips\n|\n|upkeep\n|inactive|Acastillo631 has 120 seconds left.\n|\n|t:|1788290131\n|switch|p2a: Wire Sponge|Sinistcha|100/100\n|turn|18\n|\n|t:|1788290133\n|move|p2a: Wire Sponge|Shadow Ball|p1a: Ogerpon\n|-damage|p1a: Ogerpon|22/100 par\n|move|p1a: Ogerpon|Ivy Cudgel|p2a: Wire Sponge|[anim] Ivy Cudgel Water\n|-resisted|p2a: Wire Sponge\n|-damage|p2a: Wire Sponge|78/100\n|\n|upkeep\n|turn|19\n|\n|t:|1788290136\n|move|p2a: Wire Sponge|Shadow Ball|p1a: Ogerpon\n|-damage|p1a: Ogerpon|0 fnt\n|faint|p1a: Ogerpon\n|\n|upkeep\n|\n|t:|1788290137\n|switch|p1a: Great Tusk|Great Tusk|90/100\n|-damage|p1a: Great Tusk|74/100|[from] Spikes\n|-damage|p1a: Great Tusk|71/100|[from] Stealth Rock\n|turn|20\n|\n|t:|1788290139\n|move|p1a: Great Tusk|Earthquake|p2a: Wire Sponge\n|-resisted|p2a: Wire Sponge\n|-damage|p2a: Wire Sponge|62/100\n|move|p2a: Wire Sponge|Strength Sap|p1a: Great Tusk\n|-unboost|p1a: Great Tusk|atk|1\n|-heal|p2a: Wire Sponge|100/100\n|\n|-heal|p1a: Great Tusk|77/100|[from] item: Leftovers\n|upkeep\n|turn|21\n|\n|t:|1788290141\n|move|p1a: Great Tusk|Earthquake|p2a: Wire Sponge\n|-resisted|p2a: Wire Sponge\n|-damage|p2a: Wire Sponge|90/100\n|move|p2a: Wire Sponge|Strength Sap|p1a: Great Tusk\n|-unboost|p1a: Great Tusk|atk|1\n|-heal|p2a: Wire Sponge|100/100\n|\n|-heal|p1a: Great Tusk|83/100|[from] item: Leftovers\n|upkeep\n|turn|22\n|\n|t:|1788290142\n|move|p1a: Great Tusk|Earthquake|p2a: Wire Sponge\n|-resisted|p2a: Wire Sponge\n|-damage|p2a: Wire Sponge|93/100\n|move|p2a: Wire Sponge|Strength Sap|p1a: Great Tusk\n|-unboost|p1a: Great Tusk|atk|1\n|-heal|p2a: Wire Sponge|100/100\n|\n|-heal|p1a: Great Tusk|89/100|[from] item: Leftovers\n|upkeep\n|turn|23\n|\n|t:|1788290144\n|move|p1a: Great Tusk|Rapid Spin|p2a: Wire Sponge\n|-immune|p2a: Wire Sponge\n|move|p2a: Wire Sponge|Strength Sap|p1a: Great Tusk\n|-unboost|p1a: Great Tusk|atk|1\n|\n|-heal|p1a: Great Tusk|95/100|[from] item: Leftovers\n|upkeep\n|turn|24\n|\n|t:|1788290145\n|move|p1a: Great Tusk|Rapid Spin|p2a: Wire Sponge\n|-immune|p2a: Wire Sponge\n|move|p2a: Wire Sponge|Matcha Gotcha|p1a: Great Tusk\n|-supereffective|p1a: Great Tusk\n|-damage|p1a: Great Tusk|8/100\n|\n|-heal|p1a: Great Tusk|15/100|[from] item: Leftovers\n|upkeep\n|turn|25\n|\n|t:|1788290147\n|move|p1a: Great Tusk|Earthquake|p2a: Wire Sponge\n|-resisted|p2a: Wire Sponge\n|-damage|p2a: Wire Sponge|94/100\n|move|p2a: Wire Sponge|Shadow Ball|p1a: Great Tusk\n|-damage|p1a: Great Tusk|0 fnt\n|faint|p1a: Great Tusk\n|-end|p1a: Great Tusk|Protosynthesis|[silent]\n|\n|win|Acastillo631\n|raw|kangarooteam1's rating: 1655 &rarr; <strong>1634</strong><br />(-21 for losing)\n|raw|Acastillo631's rating: 1645 &rarr; <strong>1666</strong><br />(+21 for winning)\n", "uploadtime": 1788290148, "views": "1", "formatid": "gen9ou", "rating": 1634, "private": 0, "password": null}