{"id": "gen9ou-2673915011", "format": "[Gen 9] OU", "players": ["brockssocks3", "owl_with_scarf"], "log": "|j|\u2606brockssocks3\n|j|\u2606owl_with_scarf\n|t:|1788276609\n|gametype|singles\n|player|p1|brockssocks3|unknown|1417\n|player|p2|owl_with_scarf|#owlwithscarf|1441\n|gen|9\n|tier|[Gen 9] OU\n|rated|\n|rule|HP Percentage Mod: HP is shown in percentages\n|rule|Endless Battle Clause: Forcing endless battles is banned\n|rule|Species Clause: Limit one of each Pok\u00e9mon\n|rule|OHKO Clause: OHKO moves are banned\n|rule|Evasion Items Clause: Evasion items are banned\n|rule|Evasion Moves Clause: Evasion moves are banned\n|rule|Evasion Abilities Clause: Evasion abilities are banned\n|rule|Sleep Moves Clause: Sleep-inducing moves are banned\n|clearpoke\n|poke|p1|Ting-Lu|\n|poke|p1|Garganacl, M|\n|poke|p1|Zapdos|\n|poke|p1|Mandibuzz, F|\n|poke|p1|Primarina, F|\n|poke|p1|Deoxys-Speed|\n|poke|p2|Typhlosion, F|\n|poke|p2|Ogerpon, F|\n|poke|p2|Corviknight, F|\n|poke|p2|Great Tusk|\n|poke|p2|Zamazenta-*|\n|poke|p2|Zoroark-Hisui, M|\n|teampreview\n|inactive|Battle timer is ON: inactive players will automatically lose when time's up. (requested by owl_with_scarf)\n|inactive|brockssocks3 also wants the timer to be on.\n|inactive|owl_with_scarf has 120 seconds left.\n|\n|t:|1788276661\n|teamsize|p1|6\n|teamsize|p2|6\n|start\n|switch|p1a: Garganacl|Garganacl, M|100/100\n|switch|p2a: Typhlosion|Typhlosion, F|100/100\n|turn|1\n|\n|t:|1788276667\n|move|p1a: Garganacl|Protect|p1a: Garganacl\n|-singleturn|p1a: Garganacl|Protect\n|move|p2a: Typhlosion|Trick|p1a: Garganacl\n|-activate|p1a: Garganacl|move: Protect\n|\n|upkeep\n|turn|2\n|\n|t:|1788276677\n|switch|p2a: Ogerpon|Ogerpon, F|100/100\n|switch|p1a: Deoxys|Deoxys-Speed|100/100\n|-ability|p1a: Deoxys|Pressure\n|\n|upkeep\n|turn|3\n|\n|t:|1788276684\n|move|p1a: Deoxys|Psycho Boost|p2a: Ogerpon\n|-damage|p2a: Ogerpon|34/100\n|-unboost|p1a: Deoxys|spa|2\n|-enditem|p1a: Deoxys|Eject Pack\n|\n|t:|1788276691\n|switch|p1a: Zapdos|Zapdos|100/100\n|move|p2a: Ogerpon|Knock Off|p1a: Zapdos\n|-damage|p1a: Zapdos|75/100\n|-enditem|p1a: Zapdos|Heavy-Duty Boots|[from] move: Knock Off|[of] p2a: Ogerpon\n|\n|upkeep\n|turn|4\n|inactive|owl_with_scarf has 120 seconds left.\n|\n|t:|1788276736\n|switch|p2a: Great Tusk|Great Tusk|100/100\n|move|p1a: Zapdos|Hurricane|p2a: Great Tusk\n|-supereffective|p2a: Great Tusk\n|-damage|p2a: Great Tusk|0 fnt\n|faint|p2a: Great Tusk\n|-end|p2a: Great Tusk|Protosynthesis|[silent]\n|\n|upkeep\n|\n|t:|1788276740\n|switch|p2a: Typhlosion|Typhlosion, F|100/100\n|turn|5\n|\n|t:|1788276743\n|switch|p1a: Ting-Lu|Ting-Lu|100/100\n|-ability|p1a: Ting-Lu|Vessel of Ruin\n|move|p2a: Typhlosion|Shadow Ball|p1a: Ting-Lu\n|-resisted|p1a: Ting-Lu\n|-damage|p1a: Ting-Lu|87/100\n|\n|-heal|p1a: Ting-Lu|93/100|[from] item: Leftovers\n|upkeep\n|turn|6\n|\n|t:|1788276751\n|switch|p2a: Ogerpon|Ogerpon, F|34/100\n|move|p1a: Ting-Lu|Ruination|p2a: Ogerpon\n|-damage|p2a: Ogerpon|17/100\n|\n|-heal|p1a: Ting-Lu|99/100|[from] item: Leftovers\n|upkeep\n|turn|7\n|\n|t:|1788276762\n|switch|p1a: Zapdos|Zapdos|75/100\n|move|p2a: Ogerpon|Ivy Cudgel|p1a: Zapdos\n|-resisted|p1a: Zapdos\n|-crit|p1a: Zapdos\n|-damage|p1a: Zapdos|50/100\n|\n|upkeep\n|turn|8\n|\n|t:|1788276767\n|move|p2a: Ogerpon|Ivy Cudgel|p1a: Zapdos\n|-resisted|p1a: Zapdos\n|-damage|p1a: Zapdos|33/100\n|move|p1a: Zapdos|Thunder Wave|p2a: Ogerpon\n|-status|p2a: Ogerpon|par\n|\n|upkeep\n|turn|9\n|\n|t:|1788276774\n|switch|p2a: Typhlosion|Typhlosion, F|100/100\n|move|p1a: Zapdos|Roost|p1a: Zapdos\n|-heal|p1a: Zapdos|83/100\n|-singleturn|p1a: Zapdos|move: Roost\n|\n|upkeep\n|turn|10\n|\n|t:|1788276777\n|move|p2a: Typhlosion|Eruption|p1a: Zapdos\n|-damage|p1a: Zapdos|19/100\n|move|p1a: Zapdos|Thunder Wave|p2a: Typhlosion\n|-status|p2a: Typhlosion|par\n|\n|upkeep\n|turn|11\n|\n|t:|1788276782\n|switch|p1a: Ting-Lu|Ting-Lu|99/100\n|-ability|p1a: Ting-Lu|Vessel of Ruin\n|cant|p2a: Typhlosion|par\n|\n|-heal|p1a: Ting-Lu|100/100|[from] item: Leftovers\n|upkeep\n|turn|12\n|\n|t:|1788276788\n|cant|p2a: Typhlosion|par\n|move|p1a: Ting-Lu|Ruination|p2a: Typhlosion|[miss]\n|-miss|p1a: Ting-Lu|p2a: Typhlosion\n|\n|upkeep\n|turn|13\n|\n|t:|1788276791\n|move|p2a: Typhlosion|Eruption|p1a: Ting-Lu\n|-crit|p1a: Ting-Lu\n|-damage|p1a: Ting-Lu|60/100\n|move|p1a: Ting-Lu|Earthquake|p2a: Typhlosion\n|-supereffective|p2a: Typhlosion\n|-damage|p2a: Typhlosion|0 fnt\n|faint|p2a: Typhlosion\n|\n|-heal|p1a: Ting-Lu|66/100|[from] item: Leftovers\n|upkeep\n|\n|t:|1788276794\n|switch|p2a: Ogerpon|Ogerpon, F|17/100 par\n|turn|14\n|\n|t:|1788276799\n|switch|p1a: Zapdos|Zapdos|19/100\n|move|p2a: Ogerpon|Ivy Cudgel|p1a: Zapdos\n|-resisted|p1a: Zapdos\n|-damage|p1a: Zapdos|0 fnt\n|faint|p1a: Zapdos\n|\n|upkeep\n|\n|t:|1788276806\n|switch|p1a: Mandibuzz|Mandibuzz, F|100/100\n|turn|15\n|\n|t:|1788276814\n|move|p1a: Mandibuzz|Foul Play|p2a: Ogerpon\n|-damage|p2a: Ogerpon|0 fnt\n|faint|p2a: Ogerpon\n|\n|upkeep\n|\n|t:|1788276816\n|switch|p2a: Zamazenta|Zamazenta|100/100\n|-ability|p2a: Zamazenta|Dauntless Shield|boost\n|-boost|p2a: Zamazenta|def|1\n|turn|16\n|\n|t:|1788276817\n|move|p2a: Zamazenta|Substitute|p2a: Zamazenta\n|-start|p2a: Zamazenta|Substitute\n|-damage|p2a: Zamazenta|76/100\n|move|p1a: Mandibuzz|Toxic||[still]\n|-fail|p1a: Mandibuzz\n|\n|-heal|p2a: Zamazenta|82/100|[from] item: Leftovers\n|upkeep\n|turn|17\n|\n|t:|1788276827\n|switch|p1a: Ting-Lu|Ting-Lu|66/100\n|-ability|p1a: Ting-Lu|Vessel of Ruin\n|move|p2a: Zamazenta|Iron Defense|p2a: Zamazenta\n|-boost|p2a: Zamazenta|def|2\n|\n|-heal|p2a: Zamazenta|88/100|[from] item: Leftovers\n|-heal|p1a: Ting-Lu|72/100|[from] item: Leftovers\n|upkeep\n|turn|18\n|\n|t:|1788276833\n|move|p2a: Zamazenta|Body Press|p1a: Ting-Lu\n|-supereffective|p1a: Ting-Lu\n|-damage|p1a: Ting-Lu|0 fnt\n|faint|p1a: Ting-Lu\n|\n|-heal|p2a: Zamazenta|94/100|[from] item: Leftovers\n|upkeep\n|\n|t:|1788276839\n|switch|p1a: Primarina|Primarina, F|100/100\n|turn|19\n|\n|t:|1788276844\n|-terastallize|p2a: Zamazenta|Steel\n|move|p2a: Zamazenta|Heavy Slam|p1a: Primarina\n|-crit|p1a: Primarina\n|-damage|p1a: Primarina|33/100\n|move|p1a: Primarina|Psychic Noise|p2a: Zamazenta\n|-resisted|p2a: Zamazenta\n|-damage|p2a: Zamazenta|84/100\n|-start|p2a: Zamazenta|move: Heal Block\n|\n|upkeep\n|turn|20\n|\n|t:|1788276853\n|move|p2a: Zamazenta|Body Press|p1a: Primarina\n|-resisted|p1a: Primarina\n|-damage|p1a: Primarina|0 fnt\n|faint|p1a: Primarina\n|\n|-end|p2a: Zamazenta|move: Heal Block\n|upkeep\n|\n|t:|1788276874\n|switch|p1a: Garganacl|Garganacl, M|100/100\n|turn|21\n|\n|t:|1788276885\n|-terastallize|p1a: Garganacl|Ghost\n|move|p2a: Zamazenta|Body Press|p1a: Garganacl\n|-immune|p1a: Garganacl\n|move|p1a: Garganacl|Salt Cure|p2a: Zamazenta\n|-resisted|p2a: Zamazenta\n|-activate|p2a: Zamazenta|move: Substitute|[damage]\n|\n|-heal|p2a: Zamazenta|90/100|[from] item: Leftovers\n|upkeep\n|turn|22\n|\n|t:|1788276893\n|move|p2a: Zamazenta|Heavy Slam|p1a: Garganacl\n|-damage|p1a: Garganacl|89/100\n|move|p1a: Garganacl|Salt Cure|p2a: Zamazenta\n|-resisted|p2a: Zamazenta\n|-activate|p2a: Zamazenta|move: Substitute|[damage]\n|\n|-heal|p2a: Zamazenta|96/100|[from] item: Leftovers\n|-heal|p1a: Garganacl|95/100|[from] item: Leftovers\n|upkeep\n|turn|23\n|\n|t:|1788276900\n|move|p2a: Zamazenta|Heavy Slam|p1a: Garganacl\n|-damage|p1a: Garganacl|84/100\n|move|p1a: Garganacl|Salt Cure|p2a: Zamazenta\n|-resisted|p2a: Zamazenta\n|-activate|p2a: Zamazenta|move: Substitute|[damage]\n|\n|-heal|p2a: Zamazenta|100/100|[from] item: Leftovers\n|-heal|p1a: Garganacl|91/100|[from] item: Leftovers\n|upkeep\n|turn|24\n|\n|t:|1788276906\n|move|p2a: Zamazenta|Heavy Slam|p1a: Garganacl\n|-damage|p1a: Garganacl|79/100\n|move|p1a: Garganacl|Curse|p2a: Zamazenta\n|-start|p2a: Zamazenta|Curse|[of] p1a: Garganacl\n|-damage|p1a: Garganacl|29/100\n|\n|-heal|p1a: Garganacl|36/100|[from] item: Leftovers\n|-damage|p2a: Zamazenta|76/100|[from] Curse\n|upkeep\n|turn|25\n|\n|t:|1788276916\n|switch|p2a: Zamazenta|Zamazenta|100/100\n|move|p1a: Garganacl|Protect||[still]\n|-fail|p1a: Garganacl\n|\n|-heal|p1a: Garganacl|42/100|[from] item: Leftovers\n|upkeep\n|-start|p2a: Zamazenta|typechange|Steel|[silent]\n|turn|26\n|\n|t:|1788276930\n|switch|p1a: Mandibuzz|Mandibuzz, F|100/100\n|move|p2a: Zamazenta|Shadow Ball|p1a: Mandibuzz\n|-resisted|p1a: Mandibuzz\n|-damage|p1a: Mandibuzz|77/100\n|\n|upkeep\n|turn|27\n|\n|t:|1788276936\n|switch|p2a: Corviknight|Corviknight, F|100/100\n|move|p1a: Mandibuzz|Foul Play|p2a: Corviknight\n|-damage|p2a: Corviknight|84/100\n|-damage|p1a: Mandibuzz|61/100|[from] item: Rocky Helmet|[of] p2a: Corviknight\n|\n|upkeep\n|turn|28\n|\n|t:|1788276962\n|move|p1a: Mandibuzz|Foul Play|p2a: Corviknight\n|-damage|p2a: Corviknight|68/100\n|-damage|p1a: Mandibuzz|44/100|[from] item: Rocky Helmet|[of] p2a: Corviknight\n|move|p2a: Corviknight|U-turn|p1a: Mandibuzz\n|-damage|p1a: Mandibuzz|35/100\n|\n|t:|1788276964\n|switch|p2a: Zamazenta|Zamazenta|100/100|[from] U-turn\n|\n|upkeep\n|turn|29\n|\n|t:|1788276968\n|move|p2a: Zamazenta|Flamethrower|p1a: Mandibuzz\n|-damage|p1a: Mandibuzz|0 fnt\n|faint|p1a: Mandibuzz\n|\n|upkeep\n|\n|t:|1788276971\n|switch|p1a: Garganacl|Garganacl, M, tera:Ghost|42/100\n|turn|30\n|\n|t:|1788276980\n|move|p2a: Zamazenta|Flamethrower|p1a: Garganacl\n|-damage|p1a: Garganacl|9/100\n|move|p1a: Garganacl|Salt Cure|p2a: Zamazenta\n|-damage|p2a: Zamazenta|73/100\n|-start|p2a: Zamazenta|Salt Cure\n|replace|p2a: Zoroark|Zoroark-Hisui, M, shiny\n|-end|p2a: Zoroark|Illusion\n|\n|-heal|p1a: Garganacl|15/100|[from] item: Leftovers\n|-damage|p2a: Zoroark|61/100|[from] Salt Cure\n|upkeep\n|turn|31\n|\n|t:|1788276990\n|switch|p2a: Corviknight|Corviknight, F|68/100\n|move|p1a: Garganacl|Protect||[still]\n|-fail|p1a: Garganacl\n|\n|-heal|p1a: Garganacl|21/100|[from] item: Leftovers\n|upkeep\n|turn|32\n|\n|t:|1788276997\n|move|p2a: Corviknight|U-turn|p1a: Garganacl\n|-resisted|p1a: Garganacl\n|-damage|p1a: Garganacl|16/100\n|\n|t:|1788276999\n|switch|p2a: Zamazenta|Zamazenta|61/100|[from] U-turn\n|move|p1a: Garganacl|Recover|p1a: Garganacl\n|-heal|p1a: Garganacl|66/100\n|\n|-heal|p1a: Garganacl|73/100|[from] item: Leftovers\n|upkeep\n|turn|33\n|\n|t:|1788277007\n|move|p1a: Garganacl|Protect|p1a: Garganacl\n|-singleturn|p1a: Garganacl|Protect\n|move|p2a: Zamazenta|Shadow Ball|p1a: Garganacl\n|-activate|p1a: Garganacl|move: Protect\n|\n|-heal|p1a: Garganacl|79/100|[from] item: Leftovers\n|upkeep\n|turn|34\n|\n|t:|1788277014\n|move|p2a: Zamazenta|Shadow Ball|p1a: Garganacl\n|-supereffective|p1a: Garganacl\n|-damage|p1a: Garganacl|39/100\n|move|p1a: Garganacl|Salt Cure|p2a: Zamazenta\n|-damage|p2a: Zamazenta|32/100\n|-start|p2a: Zamazenta|Salt Cure\n|replace|p2a: Zoroark|Zoroark-Hisui, M, shiny\n|-end|p2a: Zoroark|Illusion\n|\n|-heal|p1a: Garganacl|45/100|[from] item: Leftovers\n|-damage|p2a: Zoroark|19/100|[from] Salt Cure\n|upkeep\n|turn|35\n|\n|t:|1788277026\n|switch|p2a: Corviknight|Corviknight, F|68/100\n|move|p1a: Garganacl|Protect||[still]\n|-fail|p1a: Garganacl\n|\n|-heal|p1a: Garganacl|51/100|[from] item: Leftovers\n|upkeep\n|turn|36\n|\n|t:|1788277028\n|move|p2a: Corviknight|U-turn|p1a: Garganacl\n|-resisted|p1a: Garganacl\n|-damage|p1a: Garganacl|47/100\n|\n|t:|1788277030\n|switch|p2a: Zamazenta|Zamazenta|19/100|[from] U-turn\n|move|p1a: Garganacl|Recover|p1a: Garganacl\n|-heal|p1a: Garganacl|97/100\n|\n|-heal|p1a: Garganacl|100/100|[from] item: Leftovers\n|upkeep\n|turn|37\n|\n|t:|1788277038\n|switch|p1a: Deoxys|Deoxys-Speed|100/100\n|-ability|p1a: Deoxys|Pressure\n|move|p2a: Zamazenta|Trick|p1a: Deoxys\n|-activate|p2a: Zamazenta|move: Trick|[of] p1a: Deoxys\n|-item|p1a: Deoxys|Choice Specs|[from] move: Trick\n|-enditem|p2a: Zamazenta|Choice Specs|[silent]|[from] move: Trick\n|\n|upkeep\n|turn|38\n|\n|t:|1788277047\n|switch|p2a: Corviknight|Corviknight, F|68/100\n|move|p1a: Deoxys|Knock Off|p2a: Corviknight\n|-damage|p2a: Corviknight|52/100\n|-damage|p1a: Deoxys|84/100|[from] item: Rocky Helmet|[of] p2a: Corviknight\n|-enditem|p2a: Corviknight|Rocky Helmet|[from] move: Knock Off|[of] p1a: Deoxys\n|\n|upkeep\n|turn|39\n|\n|t:|1788277062\n|switch|p1a: Garganacl|Garganacl, M, tera:Ghost|100/100\n|move|p2a: Corviknight|Roost|p2a: Corviknight\n|-heal|p2a: Corviknight|100/100\n|-singleturn|p2a: Corviknight|move: Roost\n|\n|upkeep\n|turn|40\n|\n|t:|1788277071\n|move|p2a: Corviknight|Defog|p1a: Garganacl\n|-unboost|p1a: Garganacl|evasion|1\n|move|p1a: Garganacl|Salt Cure|p2a: Corviknight\n|-damage|p2a: Corviknight|92/100\n|-start|p2a: Corviknight|Salt Cure\n|\n|-damage|p2a: Corviknight|67/100|[from] Salt Cure\n|upkeep\n|turn|41\n|\n|t:|1788277082\n|move|p2a: Corviknight|Defog|p1a: Garganacl\n|-unboost|p1a: Garganacl|evasion|1\n|move|p1a: Garganacl|Curse|p2a: Corviknight\n|-start|p2a: Corviknight|Curse|[of] p1a: Garganacl\n|-damage|p1a: Garganacl|50/100\n|\n|-heal|p1a: Garganacl|57/100|[from] item: Leftovers\n|-damage|p2a: Corviknight|43/100|[from] Curse\n|-damage|p2a: Corviknight|18/100|[from] Salt Cure\n|upkeep\n|turn|42\n|\n|t:|1788277106\n|move|p2a: Corviknight|Defog|p1a: Garganacl\n|-unboost|p1a: Garganacl|evasion|1\n|move|p1a: Garganacl|Salt Cure|p2a: Corviknight\n|-damage|p2a: Corviknight|10/100\n|\n|-heal|p1a: Garganacl|63/100|[from] item: Leftovers\n|-damage|p2a: Corviknight|0 fnt|[from] Curse\n|faint|p2a: Corviknight\n|upkeep\n|\n|t:|1788277109\n|switch|p2a: Zamazenta|Zamazenta|19/100\n|turn|43\n|\n|t:|1788277118\n|move|p1a: Garganacl|Protect|p1a: Garganacl\n|-singleturn|p1a: Garganacl|Protect\n|move|p2a: Zamazenta|Shadow Ball|p1a: Garganacl\n|-activate|p1a: Garganacl|move: Protect\n|\n|-heal|p1a: Garganacl|69/100|[from] item: Leftovers\n|upkeep\n|turn|44\n|\n|t:|1788277126\n|move|p2a: Zamazenta|Shadow Ball|p1a: Garganacl\n|-supereffective|p1a: Garganacl\n|-damage|p1a: Garganacl|42/100\n|move|p1a: Garganacl|Recover|p1a: Garganacl\n|-heal|p1a: Garganacl|92/100\n|\n|-heal|p1a: Garganacl|98/100|[from] item: Leftovers\n|upkeep\n|turn|45\n|\n|t:|1788277129\n|move|p2a: Zamazenta|Trick|p1a: Garganacl\n|-activate|p2a: Zamazenta|move: Trick|[of] p1a: Garganacl\n|-enditem|p1a: Garganacl|Leftovers|[silent]|[from] move: Trick\n|-item|p2a: Zamazenta|Leftovers|[from] move: Trick\n|move|p1a: Garganacl|Salt Cure|p2a: Zamazenta\n|-damage|p2a: Zamazenta|0 fnt\n|replace|p2a: Zoroark|Zoroark-Hisui, M, shiny\n|-end|p2a: Zoroark|Illusion\n|faint|p2a: Zoroark\n|\n|upkeep\n|\n|t:|1788277131\n|switch|p2a: Zamazenta|Zamazenta, tera:Steel|76/100\n|turn|46\n|\n|t:|1788277136\n|move|p2a: Zamazenta|Substitute|p2a: Zamazenta\n|-start|p2a: Zamazenta|Substitute\n|-damage|p2a: Zamazenta|51/100\n|move|p1a: Garganacl|Salt Cure|p2a: Zamazenta\n|-resisted|p2a: Zamazenta\n|-activate|p2a: Zamazenta|move: Substitute|[damage]\n|\n|-heal|p2a: Zamazenta|57/100|[from] item: Leftovers\n|upkeep\n|turn|47\n|\n|t:|1788277143\n|move|p2a: Zamazenta|Iron Defense|p2a: Zamazenta\n|-boost|p2a: Zamazenta|def|2\n|move|p1a: Garganacl|Curse|p2a: Zamazenta\n|-start|p2a: Zamazenta|Curse|[of] p1a: Garganacl\n|-damage|p1a: Garganacl|48/100\n|\n|-heal|p2a: Zamazenta|63/100|[from] item: Leftovers\n|-damage|p2a: Zamazenta|38/100|[from] Curse\n|upkeep\n|turn|48\n|-message|owl_with_scarf forfeited.\n|\n|win|brockssocks3\n|raw|brockssocks3's rating: 1417 &rarr; <strong>1440</strong><br />(+23 for winning)\n|raw|owl_with_scarf's rating: 1466 &rarr; <strong>1443</strong><br />(-23 for losing)\n|l|\u2606owl_with_scarf\n|player|p2|\n|l|\u2606brockssocks3\n|player|p1|\n", "uploadtime": 1788277319, "views": "2", "formatid": "gen9ou", "rating": 1440, "private": 0, "password": null}