{"id": "gen9ou-2673952978", "format": "[Gen 9] OU", "players": ["errodedigitacao", "bbnate"], "log": "|j|\u2606errodedigitacao\n|j|\u2606bbnate\n|t:|1788281178\n|gametype|singles\n|player|p1|errodedigitacao|265|1566\n|player|p2|bbnate|170|1514\n|gen|9\n|tier|[Gen 9] OU\n|rated|\n|rule|HP Percentage Mod: HP is shown in percentages\n|rule|Endless Battle Clause: Forcing endless battles is banned\n|rule|Species Clause: Limit one of each Pok\u00e9mon\n|rule|OHKO Clause: OHKO moves are banned\n|rule|Evasion Items Clause: Evasion items are banned\n|rule|Evasion Moves Clause: Evasion moves are banned\n|rule|Evasion Abilities Clause: Evasion abilities are banned\n|rule|Sleep Moves Clause: Sleep-inducing moves are banned\n|clearpoke\n|poke|p1|Iron Valiant|\n|poke|p1|Zapdos|\n|poke|p1|Alomomola, F|\n|poke|p1|Ogerpon-Wellspring, F|\n|poke|p1|Okidogi, M|\n|poke|p1|Iron Treads|\n|poke|p2|Excadrill, M|\n|poke|p2|Garganacl, M|\n|poke|p2|Moltres|\n|poke|p2|Pecharunt|\n|poke|p2|Tyranitar, M|\n|poke|p2|Zamazenta-*|\n|teampreview\n|inactive|Battle timer is ON: inactive players will automatically lose when time's up. (requested by bbnate)\n|inactive|errodedigitacao also wants the timer to be on.\n|\n|t:|1788281195\n|teamsize|p1|6\n|teamsize|p2|6\n|start\n|switch|p1a: Biggie Smalls|Iron Treads|100/100\n|switch|p2a: Garganacl|Garganacl, M|100/100\n|turn|1\n|\n|t:|1788281198\n|switch|p2a: Moltres|Moltres|100/100\n|move|p1a: Biggie Smalls|Knock Off|p2a: Moltres\n|-damage|p2a: Moltres|73/100\n|-status|p1a: Biggie Smalls|brn|[from] ability: Flame Body|[of] p2a: Moltres\n|-enditem|p2a: Moltres|Heavy-Duty Boots|[from] move: Knock Off|[of] p1a: Biggie Smalls\n|\n|-damage|p1a: Biggie Smalls|94/100 brn|[from] brn\n|upkeep\n|turn|2\n|\n|t:|1788281203\n|move|p1a: Biggie Smalls|Stealth Rock|p2a: Moltres\n|-sidestart|p2: bbnate|move: Stealth Rock\n|move|p2a: Moltres|Flamethrower|p1a: Biggie Smalls\n|-supereffective|p1a: Biggie Smalls\n|-damage|p1a: Biggie Smalls|0 fnt\n|faint|p1a: Biggie Smalls\n|-end|p1a: Biggie Smalls|Quark Drive|[silent]\n|\n|upkeep\n|\n|t:|1788281206\n|switch|p1a: Ice Cube|Ogerpon-Wellspring, F|100/100\n|turn|3\n|\n|t:|1788281214\n|switch|p2a: Pecharunt|Pecharunt|100/100\n|move|p1a: Ice Cube|Swords Dance|p1a: Ice Cube\n|-boost|p1a: Ice Cube|atk|2\n|\n|upkeep\n|turn|4\n|\n|t:|1788281218\n|-terastallize|p1a: Ice Cube|Water\n|detailschange|p1a: Ice Cube|Ogerpon-Wellspring-Tera, F, tera:Water\n|-ability|p1a: Ice Cube|Embody Aspect (Wellspring)|boost\n|-boost|p1a: Ice Cube|spd|1\n|move|p1a: Ice Cube|Ivy Cudgel|p2a: Pecharunt|[anim] Ivy Cudgel Water\n|-damage|p2a: Pecharunt|31/100\n|move|p2a: Pecharunt|Toxic|p1a: Ice Cube\n|-status|p1a: Ice Cube|tox\n|-start|p1a: Ice Cube|confusion|[from] ability: Poison Puppeteer|[of] p2a: Pecharunt\n|\n|-damage|p1a: Ice Cube|94/100 tox|[from] psn\n|upkeep\n|turn|5\n|\n|t:|1788281227\n|-terastallize|p2a: Pecharunt|Grass\n|-activate|p1a: Ice Cube|confusion\n|move|p1a: Ice Cube|Ivy Cudgel|p2a: Pecharunt|[anim] Ivy Cudgel Water\n|-resisted|p2a: Pecharunt\n|-damage|p2a: Pecharunt|0 fnt\n|faint|p2a: Pecharunt\n|\n|-damage|p1a: Ice Cube|82/100 tox|[from] psn\n|upkeep\n|\n|t:|1788281233\n|switch|p2a: Zamazenta|Zamazenta|100/100\n|-damage|p2a: Zamazenta|94/100|[from] Stealth Rock\n|-ability|p2a: Zamazenta|Dauntless Shield|boost\n|-boost|p2a: Zamazenta|def|1\n|turn|6\n|\n|t:|1788281236\n|switch|p1a: Rakim|Zapdos|100/100\n|move|p2a: Zamazenta|Iron Defense|p2a: Zamazenta\n|-boost|p2a: Zamazenta|def|2\n|\n|-heal|p2a: Zamazenta|100/100|[from] item: Leftovers\n|upkeep\n|turn|7\n|\n|t:|1788281240\n|move|p2a: Zamazenta|Substitute|p2a: Zamazenta\n|-start|p2a: Zamazenta|Substitute\n|-damage|p2a: Zamazenta|76/100\n|move|p1a: Rakim|U-turn|p2a: Zamazenta\n|-resisted|p2a: Zamazenta\n|-activate|p2a: Zamazenta|move: Substitute|[damage]\n|\n|t:|1788281243\n|switch|p1a: 50 Cent|Alomomola, F|100/100|[from] U-turn\n|\n|-heal|p2a: Zamazenta|82/100|[from] item: Leftovers\n|upkeep\n|turn|8\n|\n|t:|1788281255\n|move|p2a: Zamazenta|Iron Defense|p2a: Zamazenta\n|-boost|p2a: Zamazenta|def|2\n|move|p1a: 50 Cent|Flip Turn|p2a: Zamazenta\n|-activate|p2a: Zamazenta|move: Substitute|[damage]\n|\n|t:|1788281257\n|switch|p1a: Rakim|Zapdos|100/100|[from] Flip Turn\n|\n|-heal|p2a: Zamazenta|88/100|[from] item: Leftovers\n|upkeep\n|turn|9\n|\n|t:|1788281261\n|move|p2a: Zamazenta|Body Press|p1a: Rakim\n|-resisted|p1a: Rakim\n|-damage|p1a: Rakim|56/100\n|move|p1a: Rakim|Discharge|p2a: Zamazenta\n|-end|p2a: Zamazenta|Substitute\n|\n|-heal|p2a: Zamazenta|94/100|[from] item: Leftovers\n|upkeep\n|turn|10\n|\n|t:|1788281267\n|move|p2a: Zamazenta|Body Press|p1a: Rakim\n|-resisted|p1a: Rakim\n|-damage|p1a: Rakim|18/100\n|move|p1a: Rakim|Roost|p1a: Rakim\n|-heal|p1a: Rakim|68/100\n|-singleturn|p1a: Rakim|move: Roost\n|\n|-heal|p2a: Zamazenta|100/100|[from] item: Leftovers\n|upkeep\n|turn|11\n|\n|t:|1788281270\n|move|p2a: Zamazenta|Iron Defense|p2a: Zamazenta\n|-boost|p2a: Zamazenta|def|1\n|move|p1a: Rakim|Roost|p1a: Rakim\n|-heal|p1a: Rakim|100/100\n|-singleturn|p1a: Rakim|move: Roost\n|\n|upkeep\n|turn|12\n|\n|t:|1788281271\n|move|p2a: Zamazenta|Body Press|p1a: Rakim\n|-resisted|p1a: Rakim\n|-damage|p1a: Rakim|49/100\n|move|p1a: Rakim|Discharge|p2a: Zamazenta\n|-damage|p2a: Zamazenta|73/100\n|\n|-heal|p2a: Zamazenta|79/100|[from] item: Leftovers\n|upkeep\n|turn|13\n|\n|t:|1788281276\n|move|p2a: Zamazenta|Body Press|p1a: Rakim\n|-resisted|p1a: Rakim\n|-damage|p1a: Rakim|3/100\n|-status|p2a: Zamazenta|par|[from] ability: Static|[of] p1a: Rakim\n|move|p1a: Rakim|Discharge|p2a: Zamazenta\n|-damage|p2a: Zamazenta|53/100 par\n|\n|-heal|p2a: Zamazenta|59/100 par|[from] item: Leftovers\n|upkeep\n|turn|14\n|\n|t:|1788281279\n|move|p1a: Rakim|Hurricane|p2a: Zamazenta\n|-supereffective|p2a: Zamazenta\n|-damage|p2a: Zamazenta|0 fnt\n|faint|p2a: Zamazenta\n|\n|upkeep\n|\n|t:|1788281283\n|switch|p2a: Excadrill|Excadrill, M|100/100\n|-damage|p2a: Excadrill|97/100|[from] Stealth Rock\n|-item|p2a: Excadrill|Air Balloon\n|turn|15\n|\n|t:|1788281285\n|move|p2a: Excadrill|Rapid Spin|p1a: Rakim\n|-damage|p1a: Rakim|0 fnt\n|-boost|p2a: Excadrill|spe|1\n|-sideend|p2: bbnate|Stealth Rock|[from] move: Rapid Spin|[of] p2a: Excadrill\n|faint|p1a: Rakim\n|\n|upkeep\n|\n|t:|1788281288\n|switch|p1a: 50 Cent|Alomomola, F|100/100\n|turn|16\n|\n|t:|1788281292\n|move|p2a: Excadrill|Swords Dance|p2a: Excadrill\n|-boost|p2a: Excadrill|atk|2\n|move|p1a: 50 Cent|Scald|p2a: Excadrill\n|-supereffective|p2a: Excadrill\n|-damage|p2a: Excadrill|59/100\n|-enditem|p2a: Excadrill|Air Balloon\n|\n|upkeep\n|turn|17\n|\n|t:|1788281294\n|move|p2a: Excadrill|Earthquake|p1a: 50 Cent\n|-damage|p1a: 50 Cent|15/100\n|move|p1a: 50 Cent|Flip Turn|p2a: Excadrill\n|-supereffective|p2a: Excadrill\n|-damage|p2a: Excadrill|12/100\n|\n|t:|1788281296\n|switch|p1a: Tupac|Iron Valiant|100/100|[from] Flip Turn\n|\n|upkeep\n|turn|18\n|\n|t:|1788281302\n|switch|p2a: Moltres|Moltres|73/100\n|move|p1a: Tupac|Vacuum Wave|p2a: Moltres\n|-resisted|p2a: Moltres\n|-damage|p2a: Moltres|61/100\n|\n|upkeep\n|turn|19\n|\n|t:|1788281304\n|-end|p1a: Tupac|Quark Drive|[silent]\n|switch|p1a: 50 Cent|Alomomola, F|48/100\n|move|p2a: Moltres|Roost|p2a: Moltres\n|-heal|p2a: Moltres|100/100\n|-singleturn|p2a: Moltres|move: Roost\n|\n|upkeep\n|turn|20\n|\n|t:|1788281310\n|move|p1a: 50 Cent|Flip Turn|p2a: Moltres\n|-supereffective|p2a: Moltres\n|-damage|p2a: Moltres|70/100\n|\n|t:|1788281313\n|switch|p1a: Snoop Dogg|Okidogi, M|100/100|[from] Flip Turn\n|move|p2a: Moltres|Roar|p1a: Snoop Dogg\n|drag|p1a: Ice Cube|Ogerpon-Wellspring-Tera, F, tera:Water|82/100 tox\n|-ability|p1a: Ice Cube|Embody Aspect (Wellspring)|boost\n|-boost|p1a: Ice Cube|spd|1\n|\n|-damage|p1a: Ice Cube|76/100 tox|[from] psn\n|upkeep\n|turn|21\n|\n|t:|1788281318\n|move|p1a: Ice Cube|Ivy Cudgel|p2a: Moltres|[anim] Ivy Cudgel Water\n|-supereffective|p2a: Moltres\n|-damage|p2a: Moltres|0 fnt\n|faint|p2a: Moltres\n|\n|-damage|p1a: Ice Cube|64/100 tox|[from] psn\n|upkeep\n|\n|t:|1788281320\n|switch|p2a: Tyranitar|Tyranitar, M|100/100\n|-weather|Sandstorm|[from] ability: Sand Stream|[of] p2a: Tyranitar\n|turn|22\n|\n|t:|1788281327\n|move|p1a: Ice Cube|Ivy Cudgel|p2a: Tyranitar|[anim] Ivy Cudgel Water\n|-supereffective|p2a: Tyranitar\n|-damage|p2a: Tyranitar|0 fnt\n|faint|p2a: Tyranitar\n|\n|-weather|Sandstorm|[upkeep]\n|-damage|p1a: Ice Cube|58/100 tox|[from] Sandstorm\n|-damage|p1a: Ice Cube|40/100 tox|[from] psn\n|upkeep\n|\n|t:|1788281329\n|switch|p2a: Excadrill|Excadrill, M|12/100\n|turn|23\n|\n|t:|1788281332\n|move|p2a: Excadrill|Earthquake|p1a: Ice Cube\n|-damage|p1a: Ice Cube|0 fnt\n|faint|p1a: Ice Cube\n|detailschange|p1: Ice Cube|Ogerpon-Wellspring, F|[silent]\n|\n|-weather|Sandstorm|[upkeep]\n|upkeep\n|\n|t:|1788281334\n|switch|p1a: 50 Cent|Alomomola, F|82/100\n|turn|24\n|\n|t:|1788281336\n|move|p2a: Excadrill|Iron Head|p1a: 50 Cent\n|-resisted|p1a: 50 Cent\n|-damage|p1a: 50 Cent|65/100\n|move|p1a: 50 Cent|Flip Turn|p2a: Excadrill\n|-supereffective|p2a: Excadrill\n|-damage|p2a: Excadrill|0 fnt\n|faint|p2a: Excadrill\n|\n|t:|1788281339\n|switch|p1a: Snoop Dogg|Okidogi, M|100/100|[from] Flip Turn\n|\n|-weather|Sandstorm|[upkeep]\n|-damage|p1a: Snoop Dogg|95/100|[from] Sandstorm\n|upkeep\n|\n|t:|1788281340\n|switch|p2a: Garganacl|Garganacl, M|100/100\n|turn|25\n|\n|t:|1788281345\n|move|p1a: Snoop Dogg|Close Combat|p2a: Garganacl\n|-supereffective|p2a: Garganacl\n|-damage|p2a: Garganacl|21/100\n|-unboost|p1a: Snoop Dogg|def|1\n|-unboost|p1a: Snoop Dogg|spd|1\n|move|p2a: Garganacl|Stealth Rock|p1a: Snoop Dogg\n|-sidestart|p1: errodedigitacao|move: Stealth Rock\n|\n|-weather|Sandstorm|[upkeep]\n|-damage|p1a: Snoop Dogg|89/100|[from] Sandstorm\n|-heal|p2a: Garganacl|27/100|[from] item: Leftovers\n|upkeep\n|turn|26\n|\n|t:|1788281347\n|move|p2a: Garganacl|Protect|p2a: Garganacl\n|-singleturn|p2a: Garganacl|Protect\n|move|p1a: Snoop Dogg|Close Combat|p2a: Garganacl\n|-activate|p2a: Garganacl|move: Protect\n|\n|-weather|none\n|-heal|p2a: Garganacl|34/100|[from] item: Leftovers\n|upkeep\n|turn|27\n|\n|t:|1788281349\n|move|p1a: Snoop Dogg|Close Combat|p2a: Garganacl\n|-supereffective|p2a: Garganacl\n|-damage|p2a: Garganacl|0 fnt\n|-unboost|p1a: Snoop Dogg|def|1\n|-unboost|p1a: Snoop Dogg|spd|1\n|faint|p2a: Garganacl\n|\n|win|errodedigitacao\n|raw|errodedigitacao's rating: 1566 &rarr; <strong>1583</strong><br />(+17 for winning)\n|raw|bbnate's rating: 1514 &rarr; <strong>1497</strong><br />(-17 for losing)\n|l|\u2606bbnate\n|player|p2|\n|l|\u2606errodedigitacao\n|player|p1|\n", "uploadtime": 1788281532, "views": "1", "formatid": "gen9ou", "rating": 1497, "private": 0, "password": null}