{"id": "gen9ou-2673919726", "format": "[Gen 9] OU", "players": ["Original007", "shift demon"], "log": "|j|\u2606Original007\n|j|\u2606shift demon\n|t:|1788277172\n|gametype|singles\n|player|p1|Original007|ghetsis|1463\n|player|p2|shift demon|2|1483\n|gen|9\n|tier|[Gen 9] OU\n|rated|\n|rule|HP Percentage Mod: HP is shown in percentages\n|rule|Endless Battle Clause: Forcing endless battles is banned\n|rule|Species Clause: Limit one of each Pok\u00e9mon\n|rule|OHKO Clause: OHKO moves are banned\n|rule|Evasion Items Clause: Evasion items are banned\n|rule|Evasion Moves Clause: Evasion moves are banned\n|rule|Evasion Abilities Clause: Evasion abilities are banned\n|rule|Sleep Moves Clause: Sleep-inducing moves are banned\n|clearpoke\n|poke|p1|Hoopa-Unbound|\n|poke|p1|Gholdengo|\n|poke|p1|Corviknight, M|\n|poke|p1|Dragonite, M|\n|poke|p1|Iron Treads|\n|poke|p1|Samurott-Hisui, F|\n|poke|p2|Ogerpon, F|\n|poke|p2|Gholdengo|\n|poke|p2|Ceruledge, F|\n|poke|p2|Great Tusk|\n|poke|p2|Raging Bolt|\n|poke|p2|Ribombee, F|\n|teampreview\n|inactive|Battle timer is ON: inactive players will automatically lose when time's up. (requested by shift demon)\n|j| TeamJodio\n|inactive|Original007 has 120 seconds left.\n|\n|t:|1788277231\n|teamsize|p1|6\n|teamsize|p2|6\n|start\n|switch|p1a: Iron Joe|Iron Treads|100/100\n|switch|p2a: Ceruledge|Ceruledge, F|100/100\n|-enditem|p1a: Iron Joe|Booster Energy\n|-activate|p1a: Iron Joe|ability: Quark Drive|[fromitem]\n|-start|p1a: Iron Joe|quarkdrivespe\n|turn|1\n|\n|t:|1788277259\n|-end|p1a: Iron Joe|Quark Drive|[silent]\n|switch|p1a: Joemurott|Samurott-Hisui, F, shiny|100/100\n|move|p2a: Ceruledge|Close Combat|p1a: Joemurott\n|-supereffective|p1a: Joemurott\n|-damage|p1a: Joemurott|0 fnt\n|-unboost|p2a: Ceruledge|def|1\n|-unboost|p2a: Ceruledge|spd|1\n|faint|p1a: Joemurott\n|\n|upkeep\n|c|\u2606Original007|dam\n|inactive|Original007 has 120 seconds left.\n|c|\u2606Original007|sucks to suck ig\n|\n|t:|1788277283\n|switch|p1a: Joenite|Dragonite, M, shiny|100/100\n|turn|2\n|\n|t:|1788277309\n|move|p2a: Ceruledge|Poltergeist|p1a: Joenite\n|-activate|p1a: Joenite|move: Poltergeist|Heavy-Duty Boots\n|-damage|p1a: Joenite|66/100\n|move|p1a: Joenite|Dragon Dance|p1a: Joenite\n|-boost|p1a: Joenite|atk|1\n|-boost|p1a: Joenite|spe|1\n|\n|upkeep\n|turn|3\n|\n|t:|1788277325\n|-terastallize|p1a: Joenite|Normal\n|move|p1a: Joenite|Earthquake|p2a: Ceruledge\n|-supereffective|p2a: Ceruledge\n|-enditem|p2a: Ceruledge|Focus Sash\n|-damage|p2a: Ceruledge|1/100\n|-ability|p2a: Ceruledge|Weak Armor|boost\n|-unboost|p2a: Ceruledge|def|1\n|-boost|p2a: Ceruledge|spe|2\n|move|p2a: Ceruledge|Close Combat|p1a: Joenite\n|-supereffective|p1a: Joenite\n|-damage|p1a: Joenite|0 fnt\n|-unboost|p2a: Ceruledge|def|1\n|-unboost|p2a: Ceruledge|spd|1\n|faint|p1a: Joenite\n|\n|upkeep\n|inactive|Original007 has 90 seconds left.\n|c|\u2606Original007|DAYUM\n|c|\u2606shift demon|lol\n|c|\u2606shift demon|real life shift demon\n|c|\u2606Original007|sorry for queuing bru\n|c|\u2606shift demon|LMAO\n|inactive|Original007 has 60 seconds left.\n|c| TeamJodio|Aura\n|\n|t:|1788277372\n|switch|p1a: Joepa|Hoopa-Unbound|100/100\n|turn|4\n|inactive|Original007 has 60 seconds left.\n|\n|t:|1788277385\n|move|p2a: Ceruledge|Poltergeist|p1a: Joepa\n|-activate|p1a: Joepa|move: Poltergeist|Choice Scarf\n|-damage|p1a: Joepa|0 fnt\n|faint|p1a: Joepa\n|\n|upkeep\n|c|\u2606Original007|oh wait\n|c|\u2606Original007|i dedass js didnt use my eyes\n|c|\u2606Original007|i forgot ur faster\n|inactive|Original007 has 30 seconds left.\n|c|\u2606Original007|geeg\n|\n|t:|1788277423\n|switch|p1a: Iron Joe|Iron Treads|100/100\n|turn|5\n|\n|t:|1788277431\n|-terastallize|p2a: Ceruledge|Fighting\n|move|p2a: Ceruledge|Close Combat|p1a: Iron Joe\n|-supereffective|p1a: Iron Joe\n|-damage|p1a: Iron Joe|0 fnt\n|-unboost|p2a: Ceruledge|def|1\n|-unboost|p2a: Ceruledge|spd|1\n|faint|p1a: Iron Joe\n|-end|p1a: Iron Joe|Quark Drive|[silent]\n|\n|upkeep\n|inactive|Original007 has 30 seconds left.\n|c|\u2606Original007|yo lemme get one twin\n|\n|t:|1788277446\n|switch|p1a: Joervinight|Corviknight, M, shiny|100/100\n|-ability|p1a: Joervinight|Pressure\n|turn|6\n|inactive|Original007 has 30 seconds left.\n|inactive|shift demon has 120 seconds left.\n|\n|t:|1788277491\n|move|p2a: Ceruledge|Close Combat|p1a: Joervinight\n|-damage|p1a: Joervinight|61/100\n|-unboost|p2a: Ceruledge|def|1\n|-unboost|p2a: Ceruledge|spd|1\n|-damage|p2a: Ceruledge|0 fnt|[from] item: Rocky Helmet|[of] p1a: Joervinight\n|faint|p2a: Ceruledge\n|move|p1a: Joervinight|Brave Bird|p2: Ceruledge|[notarget]\n|-fail|p1a: Joervinight\n|\n|upkeep\n|c|\u2606Original007|cant even uninstall this game\n|\n|t:|1788277501\n|switch|p2a: Raging Bolt|Raging Bolt|100/100\n|-enditem|p2a: Raging Bolt|Booster Energy\n|-activate|p2a: Raging Bolt|ability: Protosynthesis|[fromitem]\n|-start|p2a: Raging Bolt|protosynthesisspa\n|turn|7\n|\n|t:|1788277506\n|move|p2a: Raging Bolt|Thunderbolt|p1a: Joervinight\n|-supereffective|p1a: Joervinight\n|-damage|p1a: Joervinight|0 fnt\n|faint|p1a: Joervinight\n|\n|upkeep\n|\n|t:|1788277511\n|switch|p1a: Gholdenjoe|Gholdengo, shiny|100/100\n|-item|p1a: Gholdenjoe|Air Balloon\n|turn|8\n|\n|t:|1788277516\n|move|p1a: Gholdenjoe|Shadow Ball|p2a: Raging Bolt\n|-damage|p2a: Raging Bolt|60/100\n|move|p2a: Raging Bolt|Thunderbolt|p1a: Gholdenjoe\n|-damage|p1a: Gholdenjoe|23/100\n|-enditem|p1a: Gholdenjoe|Air Balloon\n|\n|upkeep\n|turn|9\n|c|\u2606Original007|ggs\n|c|\u2606shift demon|gg\n|\n|t:|1788277524\n|move|p1a: Gholdenjoe|Shadow Ball|p2a: Raging Bolt\n|-damage|p2a: Raging Bolt|17/100\n|move|p2a: Raging Bolt|Thunderbolt|p1a: Gholdenjoe\n|-damage|p1a: Gholdenjoe|0 fnt\n|faint|p1a: Gholdenjoe\n|\n|win|shift demon\n|raw|Original007's rating: 1463 &rarr; <strong>1444</strong><br />(-19 for losing)\n|raw|shift demon's rating: 1483 &rarr; <strong>1502</strong><br />(+19 for winning)\n|l|\u2606Original007\n|player|p1|\n", "uploadtime": 1788277273, "views": "1", "formatid": "gen9ou", "rating": 1444, "private": 0, "password": null}