{"id": "gen9ou-2673878447", "format": "[Gen 9] OU", "players": ["idonteatanything", "ahjinniee"], "log": "|j|\u2606idonteatanything\n|j|\u2606ahjinniee\n|t:|1788272129\n|gametype|singles\n|player|p1|idonteatanything|265|1405\n|player|p2|ahjinniee|flint|1461\n|gen|9\n|tier|[Gen 9] OU\n|rated|\n|rule|HP Percentage Mod: HP is shown in percentages\n|rule|Endless Battle Clause: Forcing endless battles is banned\n|rule|Species Clause: Limit one of each Pok\u00e9mon\n|rule|OHKO Clause: OHKO moves are banned\n|rule|Evasion Items Clause: Evasion items are banned\n|rule|Evasion Moves Clause: Evasion moves are banned\n|rule|Evasion Abilities Clause: Evasion abilities are banned\n|rule|Sleep Moves Clause: Sleep-inducing moves are banned\n|clearpoke\n|poke|p1|Torkoal, M|\n|poke|p1|Charizard, M|\n|poke|p1|Walking Wake|\n|poke|p1|Lilligant-Hisui, F|\n|poke|p1|Great Tusk|\n|poke|p1|Raging Bolt|\n|poke|p2|Clefable, F|\n|poke|p2|Heatran, M|\n|poke|p2|Rillaboom, M|\n|poke|p2|Ogerpon-Wellspring, F|\n|poke|p2|Zapdos|\n|poke|p2|Great Tusk|\n|teampreview\n|\n|t:|1788272146\n|teamsize|p1|6\n|teamsize|p2|6\n|start\n|switch|p1a: Torkoal|Torkoal, M|100/100\n|switch|p2a: MOO|Great Tusk|100/100\n|-weather|SunnyDay|[from] ability: Drought|[of] p1a: Torkoal\n|-activate|p2a: MOO|ability: Protosynthesis\n|-start|p2a: MOO|protosynthesisdef\n|turn|1\n|\n|t:|1788272199\n|move|p2a: MOO|Stealth Rock|p1a: Torkoal\n|-sidestart|p1: idonteatanything|move: Stealth Rock\n|move|p1a: Torkoal|Stealth Rock|p2a: MOO\n|-sidestart|p2: ahjinniee|move: Stealth Rock\n|\n|-weather|SunnyDay|[upkeep]\n|upkeep\n|turn|2\n|\n|t:|1788272207\n|move|p2a: MOO|Rapid Spin|p1a: Torkoal\n|-damage|p1a: Torkoal|91/100\n|-boost|p2a: MOO|spe|1\n|-sideend|p2: ahjinniee|Stealth Rock|[from] move: Rapid Spin|[of] p2a: MOO\n|move|p1a: Torkoal|Rapid Spin|p2a: MOO\n|-damage|p2a: MOO|97/100\n|-boost|p1a: Torkoal|spe|1\n|-damage|p1a: Torkoal|74/100|[from] item: Rocky Helmet|[of] p2a: MOO\n|-sideend|p1: idonteatanything|Stealth Rock|[from] move: Rapid Spin|[of] p1a: Torkoal\n|\n|-weather|SunnyDay|[upkeep]\n|upkeep\n|turn|3\n|\n|t:|1788272219\n|switch|p1a: Charizard|Charizard, M|100/100\n|move|p2a: MOO|Stealth Rock|p1a: Charizard\n|-sidestart|p1: idonteatanything|move: Stealth Rock\n|\n|-weather|SunnyDay|[upkeep]\n|-damage|p1a: Charizard|88/100|[from] ability: Solar Power|[of] p1a: Charizard\n|upkeep\n|turn|4\n|\n|t:|1788272227\n|-end|p2a: MOO|Protosynthesis|[silent]\n|switch|p2a: CRAB|Heatran, M, shiny|100/100\n|move|p1a: Charizard|Air Slash|p2a: CRAB\n|-resisted|p2a: CRAB\n|-damage|p2a: CRAB|76/100\n|\n|-weather|SunnyDay|[upkeep]\n|-damage|p1a: Charizard|76/100|[from] ability: Solar Power|[of] p1a: Charizard\n|-heal|p2a: CRAB|82/100|[from] item: Leftovers\n|upkeep\n|turn|5\n|\n|t:|1788272237\n|switch|p1a: Walking Wake|Walking Wake|100/100\n|-damage|p1a: Walking Wake|88/100|[from] Stealth Rock\n|-activate|p1a: Walking Wake|ability: Protosynthesis\n|-start|p1a: Walking Wake|protosynthesisspa\n|move|p2a: CRAB|Will-O-Wisp|p1a: Walking Wake\n|-status|p1a: Walking Wake|brn\n|\n|-weather|SunnyDay|[upkeep]\n|-heal|p2a: CRAB|89/100|[from] item: Leftovers\n|-damage|p1a: Walking Wake|82/100 brn|[from] brn\n|upkeep\n|turn|6\n|\n|t:|1788272263\n|move|p2a: CRAB|Protect|p2a: CRAB\n|-singleturn|p2a: CRAB|Protect\n|move|p1a: Walking Wake|Hydro Steam|p2a: CRAB\n|-activate|p2a: CRAB|move: Protect\n|\n|-weather|SunnyDay|[upkeep]\n|-heal|p2a: CRAB|95/100|[from] item: Leftovers\n|-damage|p1a: Walking Wake|76/100 brn|[from] brn\n|upkeep\n|turn|7\n|\n|t:|1788272274\n|switch|p2a: COMEDY|Ogerpon-Wellspring, F|100/100\n|move|p1a: Walking Wake|Hydro Steam|p2a: COMEDY\n|-immune|p2a: COMEDY|[from] ability: Water Absorb\n|\n|-weather|SunnyDay|[upkeep]\n|-damage|p1a: Walking Wake|70/100 brn|[from] brn\n|upkeep\n|turn|8\n|\n|t:|1788272286\n|-end|p1a: Walking Wake|Protosynthesis|[silent]\n|switch|p1a: Lilligant|Lilligant-Hisui, F|100/100\n|-damage|p1a: Lilligant|94/100|[from] Stealth Rock\n|move|p2a: COMEDY|Swords Dance|p2a: COMEDY\n|-boost|p2a: COMEDY|atk|2\n|\n|-weather|none\n|upkeep\n|turn|9\n|\n|t:|1788272300\n|move|p2a: COMEDY|Play Rough|p1a: Lilligant\n|-supereffective|p1a: Lilligant\n|-damage|p1a: Lilligant|0 fnt\n|faint|p1a: Lilligant\n|\n|upkeep\n|\n|t:|1788272307\n|switch|p1a: Torkoal|Torkoal, M|74/100\n|-damage|p1a: Torkoal|49/100|[from] Stealth Rock\n|-weather|SunnyDay|[from] ability: Drought|[of] p1a: Torkoal\n|turn|10\n|\n|t:|1788272321\n|move|p2a: COMEDY|Ivy Cudgel|p1a: Torkoal|[anim] Ivy Cudgel Water\n|-supereffective|p1a: Torkoal\n|-damage|p1a: Torkoal|0 fnt\n|faint|p1a: Torkoal\n|\n|-weather|SunnyDay|[upkeep]\n|upkeep\n|\n|t:|1788272334\n|switch|p1a: Walking Wake|Walking Wake|70/100 brn\n|-damage|p1a: Walking Wake|57/100 brn|[from] Stealth Rock\n|-activate|p1a: Walking Wake|ability: Protosynthesis\n|-start|p1a: Walking Wake|protosynthesisspa\n|turn|11\n|\n|t:|1788272389\n|move|p2a: COMEDY|Horn Leech|p1a: Walking Wake\n|-damage|p1a: Walking Wake|0 fnt\n|faint|p1a: Walking Wake\n|-end|p1a: Walking Wake|Protosynthesis|[silent]\n|\n|-weather|SunnyDay|[upkeep]\n|upkeep\n|\n|t:|1788272407\n|switch|p1a: Raging Bolt|Raging Bolt|100/100\n|-damage|p1a: Raging Bolt|88/100|[from] Stealth Rock\n|-activate|p1a: Raging Bolt|ability: Protosynthesis\n|-start|p1a: Raging Bolt|protosynthesisspa\n|turn|12\n|\n|t:|1788272431\n|move|p1a: Raging Bolt|Thunderclap|p2a: COMEDY\n|-crit|p2a: COMEDY\n|-damage|p2a: COMEDY|0 fnt\n|faint|p2a: COMEDY\n|\n|-weather|SunnyDay|[upkeep]\n|-heal|p1a: Raging Bolt|94/100|[from] item: Leftovers\n|upkeep\n|\n|t:|1788272446\n|switch|p2a: BEST GIRL|Clefable, F|100/100\n|turn|13\n|\n|t:|1788272504\n|move|p1a: Raging Bolt|Calm Mind|p1a: Raging Bolt\n|-boost|p1a: Raging Bolt|spa|1\n|-boost|p1a: Raging Bolt|spd|1\n|move|p2a: BEST GIRL|Moonblast|p1a: Raging Bolt\n|-supereffective|p1a: Raging Bolt\n|-crit|p1a: Raging Bolt\n|-damage|p1a: Raging Bolt|15/100\n|\n|-weather|SunnyDay|[upkeep]\n|-heal|p1a: Raging Bolt|21/100|[from] item: Leftovers\n|upkeep\n|turn|14\n|\n|t:|1788272512\n|move|p1a: Raging Bolt|Thunderclap|p2a: BEST GIRL\n|-damage|p2a: BEST GIRL|27/100\n|move|p2a: BEST GIRL|Moonblast|p1a: Raging Bolt\n|-supereffective|p1a: Raging Bolt\n|-damage|p1a: Raging Bolt|0 fnt\n|faint|p1a: Raging Bolt\n|-end|p1a: Raging Bolt|Protosynthesis|[silent]\n|\n|-weather|SunnyDay|[upkeep]\n|-heal|p2a: BEST GIRL|33/100|[from] item: Leftovers\n|upkeep\n|\n|t:|1788272527\n|switch|p1a: Charizard|Charizard, M|76/100\n|-damage|p1a: Charizard|26/100|[from] Stealth Rock\n|turn|15\n|\n|t:|1788272552\n|move|p1a: Charizard|Air Slash|p2a: BEST GIRL\n|-damage|p2a: BEST GIRL|0 fnt\n|faint|p2a: BEST GIRL\n|\n|-weather|SunnyDay|[upkeep]\n|-damage|p1a: Charizard|13/100|[from] ability: Solar Power|[of] p1a: Charizard\n|upkeep\n|\n|t:|1788272560\n|switch|p2a: CRAB|Heatran, M, shiny|95/100\n|turn|16\n|\n|t:|1788272564\n|move|p1a: Charizard|Air Slash|p2a: CRAB\n|-resisted|p2a: CRAB\n|-damage|p2a: CRAB|70/100\n|move|p2a: CRAB|Magma Storm|p1a: Charizard\n|-resisted|p1a: Charizard\n|-damage|p1a: Charizard|0 fnt\n|faint|p1a: Charizard\n|\n|-weather|SunnyDay|[upkeep]\n|-heal|p2a: CRAB|76/100|[from] item: Leftovers\n|upkeep\n|\n|t:|1788272567\n|switch|p1a: Great Tusk|Great Tusk|100/100\n|-activate|p1a: Great Tusk|ability: Protosynthesis\n|-start|p1a: Great Tusk|protosynthesisatk\n|turn|17\n|\n|t:|1788272573\n|move|p2a: CRAB|Protect|p2a: CRAB\n|-singleturn|p2a: CRAB|Protect\n|move|p1a: Great Tusk|Headlong Rush|p2a: CRAB\n|-activate|p2a: CRAB|move: Protect\n|\n|-weather|none\n|-end|p1a: Great Tusk|Protosynthesis\n|-heal|p2a: CRAB|83/100|[from] item: Leftovers\n|upkeep\n|turn|18\n|\n|t:|1788272575\n|move|p1a: Great Tusk|Headlong Rush|p2a: CRAB\n|-supereffective|p2a: CRAB\n|-damage|p2a: CRAB|0 fnt\n|-unboost|p1a: Great Tusk|def|1\n|-unboost|p1a: Great Tusk|spd|1\n|faint|p2a: CRAB\n|\n|upkeep\n|\n|t:|1788272578\n|switch|p2a: GAMER|Rillaboom, M|100/100\n|-fieldstart|move: Grassy Terrain|[from] ability: Grassy Surge|[of] p2a: GAMER\n|turn|19\n|\n|t:|1788272588\n|-terastallize|p1a: Great Tusk|Steel\n|move|p1a: Great Tusk|Ice Spinner|p2a: GAMER\n|-supereffective|p2a: GAMER\n|-damage|p2a: GAMER|44/100\n|-fieldend|move: Grassy Terrain\n|move|p2a: GAMER|Wood Hammer|p1a: Great Tusk\n|-resisted|p1a: Great Tusk\n|-damage|p1a: Great Tusk|47/100\n|-damage|p2a: GAMER|26/100|[from] Recoil\n|\n|upkeep\n|turn|20\n|\n|t:|1788272600\n|switch|p2a: BICYCLE|Zapdos, shiny|100/100\n|move|p1a: Great Tusk|Ice Spinner|p2a: BICYCLE\n|-supereffective|p2a: BICYCLE\n|-damage|p2a: BICYCLE|50/100\n|\n|upkeep\n|turn|21\n|\n|t:|1788272611\n|move|p2a: BICYCLE|Heat Wave|p1a: Great Tusk\n|-supereffective|p1a: Great Tusk\n|-damage|p1a: Great Tusk|0 fnt\n|faint|p1a: Great Tusk\n|-end|p1a: Great Tusk|Protosynthesis|[silent]\n|\n|win|ahjinniee\n|raw|idonteatanything's rating: 1405 &rarr; <strong>1388</strong><br />(-17 for losing)\n|raw|ahjinniee's rating: 1461 &rarr; <strong>1478</strong><br />(+17 for winning)\n|l|\u2606ahjinniee\n|player|p2|\n|l|\u2606idonteatanything\n|player|p1|\n|j| stevewbuscemi\n|l| stevewbuscemi\n", "uploadtime": 1788272841, "views": "1", "formatid": "gen9ou", "rating": 1388, "private": 0, "password": null}