{"id": "gen9ou-2673984448", "format": "[Gen 9] OU", "players": ["pafflying", "Miurez"], "log": "|j|\u2606pafflying\n|j|\u2606Miurez\n|t:|1788284863\n|gametype|singles\n|player|p1|pafflying|265|1604\n|player|p2|Miurez|pokemonranger-gen4|1642\n|gen|9\n|tier|[Gen 9] OU\n|rated|\n|rule|HP Percentage Mod: HP is shown in percentages\n|rule|Endless Battle Clause: Forcing endless battles is banned\n|rule|Species Clause: Limit one of each Pok\u00e9mon\n|rule|OHKO Clause: OHKO moves are banned\n|rule|Evasion Items Clause: Evasion items are banned\n|rule|Evasion Moves Clause: Evasion moves are banned\n|rule|Evasion Abilities Clause: Evasion abilities are banned\n|rule|Sleep Moves Clause: Sleep-inducing moves are banned\n|clearpoke\n|poke|p1|Gholdengo|\n|poke|p1|Great Tusk|\n|poke|p1|Zamazenta-*|\n|poke|p1|Ursaluna, F|\n|poke|p1|Dragonite, M|\n|poke|p1|Cresselia, F|\n|poke|p2|Scizor, M|\n|poke|p2|Tornadus-Therian, M|\n|poke|p2|Glimmora, M|\n|poke|p2|Great Tusk|\n|poke|p2|Kingambit, F|\n|poke|p2|Sinistcha|\n|teampreview\n|inactive|Battle timer is ON: inactive players will automatically lose when time's up. (requested by Miurez)\n|\n|t:|1788284878\n|teamsize|p1|6\n|teamsize|p2|6\n|start\n|switch|p1a: Zamazenta|Zamazenta|100/100\n|switch|p2a: Alai|Tornadus-Therian, M|100/100\n|-ability|p1a: Zamazenta|Dauntless Shield|boost\n|-boost|p1a: Zamazenta|def|1\n|turn|1\n|\n|t:|1788284883\n|move|p1a: Zamazenta|Light Screen|p1a: Zamazenta\n|-sidestart|p1: pafflying|move: Light Screen\n|move|p2a: Alai|Knock Off|p1a: Zamazenta\n|-resisted|p1a: Zamazenta\n|-damage|p1a: Zamazenta|95/100\n|-enditem|p1a: Zamazenta|Light Clay|[from] move: Knock Off|[of] p2a: Alai\n|\n|upkeep\n|turn|2\n|\n|t:|1788284888\n|move|p1a: Zamazenta|Reflect|p1a: Zamazenta\n|-sidestart|p1: pafflying|Reflect\n|move|p2a: Alai|U-turn|p1a: Zamazenta\n|-resisted|p1a: Zamazenta\n|-damage|p1a: Zamazenta|93/100\n|\n|t:|1788284889\n|switch|p2a: Fly Molo|Glimmora, M|100/100|[from] U-turn\n|\n|upkeep\n|turn|3\n|\n|t:|1788284913\n|switch|p1a: Great Tusk|Great Tusk|100/100\n|-enditem|p1a: Great Tusk|Booster Energy\n|-activate|p1a: Great Tusk|ability: Protosynthesis|[fromitem]\n|-start|p1a: Great Tusk|protosynthesisspe\n|move|p2a: Fly Molo|Stealth Rock|p1a: Great Tusk\n|-sidestart|p1: pafflying|move: Stealth Rock\n|\n|upkeep\n|turn|4\n|inactive|pafflying has 120 seconds left.\n|\n|t:|1788284945\n|move|p1a: Great Tusk|Bulk Up|p1a: Great Tusk\n|-boost|p1a: Great Tusk|atk|1\n|-boost|p1a: Great Tusk|def|1\n|move|p2a: Fly Molo|Mortal Spin|p1a: Great Tusk\n|-resisted|p1a: Great Tusk\n|-damage|p1a: Great Tusk|99/100\n|-status|p1a: Great Tusk|psn\n|\n|-damage|p1a: Great Tusk|87/100 psn|[from] psn\n|upkeep\n|turn|5\n|\n|t:|1788284960\n|switch|p2a: Alai|Tornadus-Therian, M|100/100\n|move|p1a: Great Tusk|Headlong Rush|p2a: Alai\n|-immune|p2a: Alai\n|\n|-damage|p1a: Great Tusk|75/100 psn|[from] psn\n|upkeep\n|turn|6\n|\n|t:|1788284970\n|switch|p2a: Fly Molo|Glimmora, M|100/100\n|move|p1a: Great Tusk|Rapid Spin|p2a: Fly Molo\n|-resisted|p2a: Fly Molo\n|-damage|p2a: Fly Molo|90/100\n|-boost|p1a: Great Tusk|spe|1\n|-activate|p2a: Fly Molo|ability: Toxic Debris\n|-sidestart|p1: pafflying|move: Toxic Spikes\n|-sideend|p1: pafflying|Toxic Spikes|[from] move: Rapid Spin|[of] p1a: Great Tusk\n|-sideend|p1: pafflying|Stealth Rock|[from] move: Rapid Spin|[of] p1a: Great Tusk\n|-enditem|p2a: Fly Molo|Red Card|[of] p1a: Great Tusk\n|-end|p1a: Great Tusk|Protosynthesis|[silent]\n|drag|p1a: Zamazenta|Zamazenta|93/100\n|\n|-sideend|p1: pafflying|Reflect\n|upkeep\n|turn|7\n|\n|t:|1788284990\n|move|p1a: Zamazenta|Reflect|p1a: Zamazenta\n|-sidestart|p1: pafflying|Reflect\n|move|p2a: Fly Molo|Stealth Rock|p1a: Zamazenta\n|-sidestart|p1: pafflying|move: Stealth Rock\n|\n|upkeep\n|turn|8\n|\n|t:|1788284995\n|move|p2a: Fly Molo|Mortal Spin|p1a: Zamazenta\n|-damage|p1a: Zamazenta|91/100\n|-status|p1a: Zamazenta|psn\n|move|p1a: Zamazenta|Roar|p2a: Fly Molo\n|drag|p2a: Alai|Tornadus-Therian, M|100/100\n|\n|-damage|p1a: Zamazenta|79/100 psn|[from] psn\n|-sideend|p1: pafflying|move: Light Screen\n|upkeep\n|turn|9\n|\n|t:|1788285001\n|move|p1a: Zamazenta|Light Screen|p1a: Zamazenta\n|-sidestart|p1: pafflying|move: Light Screen\n|move|p2a: Alai|U-turn|p1a: Zamazenta\n|-resisted|p1a: Zamazenta\n|-damage|p1a: Zamazenta|76/100 psn\n|\n|t:|1788285006\n|switch|p2a: Fly Molo|Glimmora, M|90/100|[from] U-turn\n|\n|-damage|p1a: Zamazenta|63/100 psn|[from] psn\n|upkeep\n|turn|10\n|\n|t:|1788285009\n|switch|p1a: Gholdengo|Gholdengo|100/100\n|-damage|p1a: Gholdengo|94/100|[from] Stealth Rock\n|move|p2a: Fly Molo|Power Gem|p1a: Gholdengo\n|-resisted|p1a: Gholdengo\n|-damage|p1a: Gholdengo|83/100\n|\n|upkeep\n|turn|11\n|\n|t:|1788285016\n|switch|p2a: Alai|Tornadus-Therian, M|100/100\n|move|p1a: Gholdengo|Nasty Plot|p1a: Gholdengo\n|-boost|p1a: Gholdengo|spa|2\n|\n|-sideend|p1: pafflying|Reflect\n|upkeep\n|turn|12\n|\n|t:|1788285022\n|move|p2a: Alai|Knock Off|p1a: Gholdengo\n|-supereffective|p1a: Gholdengo\n|-damage|p1a: Gholdengo|54/100\n|-enditem|p1a: Gholdengo|Weakness Policy\n|-boost|p1a: Gholdengo|atk|2|[from] item: Weakness Policy\n|-boost|p1a: Gholdengo|spa|2|[from] item: Weakness Policy\n|move|p1a: Gholdengo|Make It Rain|p2a: Alai\n|-damage|p2a: Alai|0 fnt\n|-unboost|p1a: Gholdengo|spa|1\n|faint|p2a: Alai\n|\n|upkeep\n|\n|t:|1788285045\n|switch|p2a: Great Tusk|Great Tusk|100/100\n|-enditem|p2a: Great Tusk|Booster Energy\n|-activate|p2a: Great Tusk|ability: Protosynthesis|[fromitem]\n|-start|p2a: Great Tusk|protosynthesisspe\n|turn|13\n|inactive|pafflying has 120 seconds left.\n|\n|t:|1788285079\n|-terastallize|p1a: Gholdengo|Fairy\n|move|p2a: Great Tusk|Headlong Rush|p1a: Gholdengo\n|-damage|p1a: Gholdengo|16/100\n|-unboost|p2a: Great Tusk|def|1\n|-unboost|p2a: Great Tusk|spd|1\n|move|p1a: Gholdengo|Dazzling Gleam|p2a: Great Tusk\n|-supereffective|p2a: Great Tusk\n|-damage|p2a: Great Tusk|0 fnt\n|faint|p2a: Great Tusk\n|-end|p2a: Great Tusk|Protosynthesis|[silent]\n|\n|-sideend|p1: pafflying|move: Light Screen\n|upkeep\n|\n|t:|1788285085\n|switch|p2a: Mink Meeker|Scizor, M|100/100\n|turn|14\n|\n|t:|1788285091\n|switch|p1a: Great Tusk|Great Tusk|75/100 psn\n|-damage|p1a: Great Tusk|72/100 psn|[from] Stealth Rock\n|move|p2a: Mink Meeker|Bullet Punch|p1a: Great Tusk\n|-damage|p1a: Great Tusk|40/100 psn\n|\n|-damage|p1a: Great Tusk|28/100 psn|[from] psn\n|upkeep\n|turn|15\n|\n|t:|1788285097\n|move|p2a: Mink Meeker|Bullet Punch|p1a: Great Tusk\n|-damage|p1a: Great Tusk|0 fnt\n|faint|p1a: Great Tusk\n|-end|p1a: Great Tusk|Protosynthesis|[silent]\n|\n|upkeep\n|\n|t:|1788285115\n|switch|p1a: Dragonite|Dragonite, M|100/100\n|-damage|p1a: Dragonite|76/100|[from] Stealth Rock\n|turn|16\n|\n|t:|1788285127\n|move|p2a: Mink Meeker|Bullet Punch|p1a: Dragonite\n|-damage|p1a: Dragonite|19/100\n|move|p1a: Dragonite|Fire Punch|p2a: Mink Meeker\n|-supereffective|p2a: Mink Meeker\n|-damage|p2a: Mink Meeker|0 fnt\n|faint|p2a: Mink Meeker\n|\n|upkeep\n|\n|t:|1788285135\n|switch|p2a: Fly Molo|Glimmora, M|90/100\n|turn|17\n|\n|t:|1788285143\n|move|p1a: Dragonite|Scale Shot|p2a: Fly Molo\n|-damage|p2a: Fly Molo|76/100\n|-activate|p2a: Fly Molo|ability: Toxic Debris\n|-sidestart|p1: pafflying|move: Toxic Spikes\n|-damage|p2a: Fly Molo|62/100\n|-activate|p2a: Fly Molo|ability: Toxic Debris\n|-sidestart|p1: pafflying|move: Toxic Spikes\n|-damage|p2a: Fly Molo|47/100\n|-damage|p2a: Fly Molo|33/100\n|-hitcount|p2a: Fly Molo|4\n|-unboost|p1a: Dragonite|def|1\n|-boost|p1a: Dragonite|spe|1\n|move|p2a: Fly Molo|Power Gem|p1a: Dragonite\n|-supereffective|p1a: Dragonite\n|-damage|p1a: Dragonite|0 fnt\n|faint|p1a: Dragonite\n|\n|upkeep\n|inactive|pafflying has 120 seconds left.\n|\n|t:|1788285174\n|switch|p1a: Ursaluna|Ursaluna, F|100/100\n|-damage|p1a: Ursaluna|94/100|[from] Stealth Rock\n|-status|p1a: Ursaluna|tox\n|turn|18\n|\n|t:|1788285183\n|move|p2a: Fly Molo|Sludge Bomb|p1a: Ursaluna\n|-resisted|p1a: Ursaluna\n|-damage|p1a: Ursaluna|70/100 tox\n|move|p1a: Ursaluna|Earthquake|p2a: Fly Molo\n|-supereffective|p2a: Fly Molo\n|-damage|p2a: Fly Molo|0 fnt\n|faint|p2a: Fly Molo\n|\n|-damage|p1a: Ursaluna|64/100 tox|[from] psn\n|upkeep\n|\n|t:|1788285185\n|switch|p2a: Hot Soup|Sinistcha|100/100\n|turn|19\n|\n|t:|1788285197\n|move|p1a: Ursaluna|Swords Dance|p1a: Ursaluna\n|-boost|p1a: Ursaluna|atk|2\n|move|p2a: Hot Soup|Strength Sap|p1a: Ursaluna\n|-unboost|p1a: Ursaluna|atk|1\n|\n|-damage|p1a: Ursaluna|52/100 tox|[from] psn\n|upkeep\n|turn|20\n|\n|t:|1788285215\n|move|p1a: Ursaluna|Swords Dance|p1a: Ursaluna\n|-boost|p1a: Ursaluna|atk|2\n|move|p2a: Hot Soup|Strength Sap|p1a: Ursaluna\n|-unboost|p1a: Ursaluna|atk|1\n|\n|-damage|p1a: Ursaluna|33/100 tox|[from] psn\n|upkeep\n|turn|21\n|\n|t:|1788285223\n|move|p1a: Ursaluna|Earthquake|p2a: Hot Soup\n|-resisted|p2a: Hot Soup\n|-damage|p2a: Hot Soup|45/100\n|move|p2a: Hot Soup|Strength Sap|p1a: Ursaluna\n|-unboost|p1a: Ursaluna|atk|1\n|-heal|p2a: Hot Soup|100/100\n|\n|-damage|p1a: Ursaluna|8/100 tox|[from] psn\n|upkeep\n|turn|22\n|\n|t:|1788285227\n|move|p1a: Ursaluna|Earthquake|p2a: Hot Soup\n|-resisted|p2a: Hot Soup\n|-damage|p2a: Hot Soup|55/100\n|move|p2a: Hot Soup|Strength Sap|p1a: Ursaluna\n|-unboost|p1a: Ursaluna|atk|1\n|-heal|p2a: Hot Soup|100/100\n|\n|-damage|p1a: Ursaluna|0 fnt|[from] psn\n|faint|p1a: Ursaluna\n|upkeep\n|\n|t:|1788285241\n|switch|p1a: Zamazenta|Zamazenta|63/100 psn\n|-damage|p1a: Zamazenta|57/100 psn|[from] Stealth Rock\n|turn|23\n|\n|t:|1788285248\n|move|p1a: Zamazenta|Light Screen|p1a: Zamazenta\n|-sidestart|p1: pafflying|move: Light Screen\n|move|p2a: Hot Soup|Calm Mind|p2a: Hot Soup\n|-boost|p2a: Hot Soup|spa|1\n|-boost|p2a: Hot Soup|spd|1\n|\n|-damage|p1a: Zamazenta|45/100 psn|[from] psn\n|upkeep\n|turn|24\n|\n|t:|1788285253\n|move|p1a: Zamazenta|Reflect|p1a: Zamazenta\n|-sidestart|p1: pafflying|Reflect\n|move|p2a: Hot Soup|Calm Mind|p2a: Hot Soup\n|-boost|p2a: Hot Soup|spa|1\n|-boost|p2a: Hot Soup|spd|1\n|\n|-damage|p1a: Zamazenta|32/100 psn|[from] psn\n|upkeep\n|turn|25\n|\n|t:|1788285256\n|move|p2a: Hot Soup|Calm Mind|p2a: Hot Soup\n|-boost|p2a: Hot Soup|spa|1\n|-boost|p2a: Hot Soup|spd|1\n|move|p1a: Zamazenta|Roar|p2a: Hot Soup\n|drag|p2a: SweeperForTheDead|Kingambit, F, shiny|100/100\n|-activate|p2a: SweeperForTheDead|ability: Supreme Overlord\n|-start|p2a: SweeperForTheDead|fallen4|[silent]\n|\n|-damage|p1a: Zamazenta|20/100 psn|[from] psn\n|upkeep\n|turn|26\n|\n|t:|1788285267\n|-end|p2a: SweeperForTheDead|fallen4|[silent]\n|switch|p2a: Hot Soup|Sinistcha|100/100\n|move|p1a: Zamazenta|Roar|p2a: Hot Soup\n|drag|p2a: SweeperForTheDead|Kingambit, F, shiny|100/100\n|-activate|p2a: SweeperForTheDead|ability: Supreme Overlord\n|-start|p2a: SweeperForTheDead|fallen4|[silent]\n|\n|-damage|p1a: Zamazenta|8/100 psn|[from] psn\n|upkeep\n|turn|27\n|\n|t:|1788285277\n|move|p2a: SweeperForTheDead|Sucker Punch|p1a: Zamazenta\n|-resisted|p1a: Zamazenta\n|-crit|p1a: Zamazenta\n|-damage|p1a: Zamazenta|0 fnt\n|faint|p1a: Zamazenta\n|\n|-sideend|p1: pafflying|move: Light Screen\n|upkeep\n|\n|t:|1788285282\n|switch|p1a: Cresselia|Cresselia, F|100/100\n|-damage|p1a: Cresselia|88/100|[from] Stealth Rock\n|turn|28\n|\n|t:|1788285291\n|move|p1a: Cresselia|Calm Mind|p1a: Cresselia\n|-boost|p1a: Cresselia|spa|1\n|-boost|p1a: Cresselia|spd|1\n|move|p2a: SweeperForTheDead|Swords Dance|p2a: SweeperForTheDead\n|-boost|p2a: SweeperForTheDead|atk|2\n|\n|-sideend|p1: pafflying|Reflect\n|upkeep\n|turn|29\n|-message|pafflying forfeited.\n|\n|win|Miurez\n|raw|pafflying's rating: 1604 &rarr; <strong>1586</strong><br />(-18 for losing)\n|raw|Miurez's rating: 1642 &rarr; <strong>1660</strong><br />(+18 for winning)\n|l|\u2606pafflying\n|player|p1|\n|l|\u2606Miurez\n|player|p2|\n", "uploadtime": 1788285476, "views": "1", "formatid": "gen9ou", "rating": 1586, "private": 0, "password": null}