{"id": "gen9ou-2674022963", "format": "[Gen 9] OU", "players": ["mansonabuluting", "Khinelalala"], "log": "|j|\u2606mansonabuluting\n|j|\u2606Khinelalala\n|t:|1788289358\n|gametype|singles\n|player|p1|mansonabuluting|169|1536\n|player|p2|Khinelalala|102|1544\n|gen|9\n|tier|[Gen 9] OU\n|rated|\n|rule|HP Percentage Mod: HP is shown in percentages\n|rule|Endless Battle Clause: Forcing endless battles is banned\n|rule|Species Clause: Limit one of each Pok\u00e9mon\n|rule|OHKO Clause: OHKO moves are banned\n|rule|Evasion Items Clause: Evasion items are banned\n|rule|Evasion Moves Clause: Evasion moves are banned\n|rule|Evasion Abilities Clause: Evasion abilities are banned\n|rule|Sleep Moves Clause: Sleep-inducing moves are banned\n|clearpoke\n|poke|p1|Hawlucha, F|\n|poke|p1|Rillaboom, F|\n|poke|p1|Volcanion|\n|poke|p1|Great Tusk|\n|poke|p1|Thundurus-Therian, M|\n|poke|p1|Goodra-Hisui, M|\n|poke|p2|Torkoal, F|\n|poke|p2|Walking Wake|\n|poke|p2|Venusaur, F|\n|poke|p2|Slither Wing|\n|poke|p2|Great Tusk|\n|poke|p2|Hatterene, F|\n|teampreview\n|inactive|Battle timer is ON: inactive players will automatically lose when time's up. (requested by mansonabuluting)\n|\n|t:|1788289373\n|teamsize|p1|6\n|teamsize|p2|6\n|start\n|switch|p1a: Volcanion|Volcanion|100/100\n|switch|p2a: Torkoal|Torkoal, F|100/100\n|-weather|SunnyDay|[from] ability: Drought|[of] p2a: Torkoal\n|turn|1\n|\n|t:|1788289383\n|switch|p2a: Walking Wake|Walking Wake|100/100\n|-activate|p2a: Walking Wake|ability: Protosynthesis\n|-start|p2a: Walking Wake|protosynthesisspa\n|move|p1a: Volcanion|Overheat|p2a: Walking Wake\n|-resisted|p2a: Walking Wake\n|-damage|p2a: Walking Wake|52/100\n|-unboost|p1a: Volcanion|spa|2\n|\n|-weather|SunnyDay|[upkeep]\n|upkeep\n|turn|2\n|\n|t:|1788289394\n|switch|p1a: Goodra|Goodra-Hisui, M|100/100\n|move|p2a: Walking Wake|Draco Meteor|p1a: Goodra\n|-damage|p1a: Goodra|44/100\n|-unboost|p2a: Walking Wake|spa|2\n|\n|-weather|SunnyDay|[upkeep]\n|upkeep\n|turn|3\n|\n|t:|1788289406\n|-end|p2a: Walking Wake|Protosynthesis|[silent]\n|switch|p2a: Slither Wing|Slither Wing|100/100\n|-activate|p2a: Slither Wing|ability: Protosynthesis\n|-start|p2a: Slither Wing|protosynthesisatk\n|move|p1a: Goodra|Draco Meteor|p2a: Slither Wing\n|-damage|p2a: Slither Wing|25/100\n|-unboost|p1a: Goodra|spa|2\n|\n|-weather|SunnyDay|[upkeep]\n|upkeep\n|turn|4\n|\n|t:|1788289412\n|switch|p1a: Volcanion|Volcanion|100/100\n|move|p2a: Slither Wing|Close Combat|p1a: Volcanion\n|-damage|p1a: Volcanion|0 fnt\n|-unboost|p2a: Slither Wing|def|1\n|-unboost|p2a: Slither Wing|spd|1\n|faint|p1a: Volcanion\n|\n|-weather|SunnyDay|[upkeep]\n|upkeep\n|\n|t:|1788289419\n|switch|p1a: Thundurus|Thundurus-Therian, M|100/100\n|turn|5\n|\n|t:|1788289431\n|-end|p2a: Slither Wing|Protosynthesis|[silent]\n|switch|p2a: Hatterene|Hatterene, F|100/100\n|move|p1a: Thundurus|Psychic|p2a: Hatterene\n|-resisted|p2a: Hatterene\n|-damage|p2a: Hatterene|86/100\n|-enditem|p2a: Hatterene|Eject Button\n|\n|t:|1788289437\n|switch|p2a: Walking Wake|Walking Wake|52/100\n|-activate|p2a: Walking Wake|ability: Protosynthesis\n|-start|p2a: Walking Wake|protosynthesisspa\n|\n|-weather|SunnyDay|[upkeep]\n|upkeep\n|turn|6\n|\n|t:|1788289446\n|-terastallize|p1a: Thundurus|Psychic\n|move|p1a: Thundurus|Psychic|p2a: Walking Wake\n|-damage|p2a: Walking Wake|0 fnt\n|faint|p2a: Walking Wake\n|-end|p2a: Walking Wake|Protosynthesis|[silent]\n|\n|-weather|SunnyDay|[upkeep]\n|upkeep\n|\n|t:|1788289453\n|switch|p2a: Slither Wing|Slither Wing|25/100\n|-activate|p2a: Slither Wing|ability: Protosynthesis\n|-start|p2a: Slither Wing|protosynthesisatk\n|turn|7\n|\n|t:|1788289458\n|switch|p1a: Great Tusk|Great Tusk|100/100\n|-activate|p1a: Great Tusk|ability: Protosynthesis\n|-start|p1a: Great Tusk|protosynthesisdef\n|move|p2a: Slither Wing|First Impression|p1a: Great Tusk\n|-resisted|p1a: Great Tusk\n|-damage|p1a: Great Tusk|84/100\n|-damage|p2a: Slither Wing|9/100|[from] item: Rocky Helmet|[of] p1a: Great Tusk\n|\n|-weather|SunnyDay|[upkeep]\n|upkeep\n|turn|8\n|\n|t:|1788289462\n|-end|p2a: Slither Wing|Protosynthesis|[silent]\n|switch|p2a: Great Tusk|Great Tusk|100/100\n|-activate|p2a: Great Tusk|ability: Protosynthesis\n|-start|p2a: Great Tusk|protosynthesisdef\n|move|p1a: Great Tusk|Stealth Rock|p2a: Great Tusk\n|-sidestart|p2: Khinelalala|move: Stealth Rock\n|\n|-weather|none\n|-end|p1a: Great Tusk|Protosynthesis\n|-end|p2a: Great Tusk|Protosynthesis\n|upkeep\n|turn|9\n|\n|t:|1788289469\n|-end|p1a: Great Tusk|Protosynthesis|[silent]\n|switch|p1a: Thundurus|Thundurus-Therian, M, tera:Psychic|100/100\n|move|p2a: Great Tusk|Rapid Spin|p1a: Thundurus\n|-damage|p1a: Thundurus|75/100\n|-boost|p2a: Great Tusk|spe|1\n|-sideend|p2: Khinelalala|Stealth Rock|[from] move: Rapid Spin|[of] p2a: Great Tusk\n|\n|upkeep\n|turn|10\n|\n|t:|1788289476\n|-end|p2a: Great Tusk|Protosynthesis|[silent]\n|switch|p2a: Hatterene|Hatterene, F|86/100\n|move|p1a: Thundurus|Psychic|p2a: Hatterene\n|-resisted|p2a: Hatterene\n|-damage|p2a: Hatterene|62/100\n|\n|upkeep\n|turn|11\n|\n|t:|1788289484\n|switch|p1a: Rillaboom|Rillaboom, F|100/100\n|-fieldstart|move: Grassy Terrain|[from] ability: Grassy Surge|[of] p1a: Rillaboom\n|move|p2a: Hatterene|Healing Wish|p2a: Hatterene\n|faint|p2a: Hatterene\n|\n|upkeep\n|\n|t:|1788289485\n|switch|p2a: Slither Wing|Slither Wing|9/100\n|-heal|p2a: Slither Wing|100/100|[from] move: Healing Wish\n|turn|12\n|\n|t:|1788289493\n|switch|p1a: Hawlucha|Hawlucha, F|100/100\n|-enditem|p1a: Hawlucha|Grassy Seed\n|-boost|p1a: Hawlucha|def|1|[from] item: Grassy Seed\n|move|p2a: Slither Wing|U-turn|p1a: Hawlucha\n|-resisted|p1a: Hawlucha\n|-damage|p1a: Hawlucha|88/100\n|\n|t:|1788289496\n|-end|p2a: Slither Wing|Protosynthesis|[silent]\n|switch|p2a: Torkoal|Torkoal, F|100/100|[from] U-turn\n|-weather|SunnyDay|[from] ability: Drought|[of] p2a: Torkoal\n|\n|-weather|SunnyDay|[upkeep]\n|upkeep\n|turn|13\n|\n|t:|1788289498\n|move|p1a: Hawlucha|Substitute|p1a: Hawlucha\n|-start|p1a: Hawlucha|Substitute\n|-damage|p1a: Hawlucha|63/100\n|move|p2a: Torkoal|Will-O-Wisp||[still]\n|-fail|p2a: Torkoal\n|\n|-weather|SunnyDay|[upkeep]\n|upkeep\n|turn|14\n|\n|t:|1788289502\n|move|p1a: Hawlucha|Swords Dance|p1a: Hawlucha\n|-boost|p1a: Hawlucha|atk|2\n|move|p2a: Torkoal|Lava Plume|p1a: Hawlucha\n|-end|p1a: Hawlucha|Substitute\n|\n|-weather|SunnyDay|[upkeep]\n|upkeep\n|turn|15\n|\n|t:|1788289504\n|move|p1a: Hawlucha|Acrobatics|p2a: Torkoal\n|-damage|p2a: Torkoal|41/100\n|move|p2a: Torkoal|Lava Plume|p1a: Hawlucha\n|-damage|p1a: Hawlucha|11/100\n|\n|-weather|SunnyDay|[upkeep]\n|-heal|p2a: Torkoal|47/100|[from] Grassy Terrain\n|-fieldend|move: Grassy Terrain\n|upkeep\n|turn|16\n|\n|t:|1788289510\n|switch|p2a: Great Tusk|Great Tusk|100/100\n|-activate|p2a: Great Tusk|ability: Protosynthesis\n|-start|p2a: Great Tusk|protosynthesisdef\n|move|p1a: Hawlucha|Acrobatics|p2a: Great Tusk\n|-supereffective|p2a: Great Tusk\n|-damage|p2a: Great Tusk|25/100\n|-damage|p1a: Hawlucha|0 fnt|[from] item: Rocky Helmet|[of] p2a: Great Tusk\n|faint|p1a: Hawlucha\n|\n|-weather|SunnyDay|[upkeep]\n|upkeep\n|\n|t:|1788289512\n|switch|p1a: Thundurus|Thundurus-Therian, M, tera:Psychic|75/100\n|turn|17\n|\n|t:|1788289516\n|move|p1a: Thundurus|Psychic|p2a: Great Tusk\n|-supereffective|p2a: Great Tusk\n|-damage|p2a: Great Tusk|0 fnt\n|faint|p2a: Great Tusk\n|-end|p2a: Great Tusk|Protosynthesis|[silent]\n|\n|-weather|SunnyDay|[upkeep]\n|upkeep\n|\n|t:|1788289518\n|switch|p2a: Slither Wing|Slither Wing|100/100\n|-activate|p2a: Slither Wing|ability: Protosynthesis\n|-start|p2a: Slither Wing|protosynthesisatk\n|turn|18\n|\n|t:|1788289531\n|switch|p1a: Great Tusk|Great Tusk|84/100\n|-activate|p1a: Great Tusk|ability: Protosynthesis\n|-start|p1a: Great Tusk|protosynthesisdef\n|move|p2a: Slither Wing|Close Combat|p1a: Great Tusk\n|-damage|p1a: Great Tusk|42/100\n|-unboost|p2a: Slither Wing|def|1\n|-unboost|p2a: Slither Wing|spd|1\n|-damage|p2a: Slither Wing|84/100|[from] item: Rocky Helmet|[of] p1a: Great Tusk\n|\n|-weather|SunnyDay|[upkeep]\n|upkeep\n|turn|19\n|\n|t:|1788289537\n|move|p2a: Slither Wing|Close Combat|p1a: Great Tusk\n|-crit|p1a: Great Tusk\n|-damage|p1a: Great Tusk|0 fnt\n|-unboost|p2a: Slither Wing|def|1\n|-unboost|p2a: Slither Wing|spd|1\n|-damage|p2a: Slither Wing|68/100|[from] item: Rocky Helmet|[of] p1a: Great Tusk\n|faint|p1a: Great Tusk\n|-end|p1a: Great Tusk|Protosynthesis|[silent]\n|\n|-weather|none\n|-end|p2a: Slither Wing|Protosynthesis\n|upkeep\n|\n|t:|1788289540\n|switch|p1a: Thundurus|Thundurus-Therian, M, tera:Psychic|75/100\n|turn|20\n|\n|t:|1788289543\n|-end|p2a: Slither Wing|Protosynthesis|[silent]\n|switch|p2a: Torkoal|Torkoal, F|47/100\n|-weather|SunnyDay|[from] ability: Drought|[of] p2a: Torkoal\n|move|p1a: Thundurus|Psychic|p2a: Torkoal\n|-damage|p2a: Torkoal|0 fnt\n|faint|p2a: Torkoal\n|\n|-weather|SunnyDay|[upkeep]\n|upkeep\n|\n|t:|1788289549\n|switch|p2a: Venusaur|Venusaur, F|100/100\n|turn|21\n|\n|t:|1788289560\n|switch|p1a: Goodra|Goodra-Hisui, M|44/100\n|-terastallize|p2a: Venusaur|Grass\n|move|p2a: Venusaur|Growth|p2a: Venusaur\n|-boost|p2a: Venusaur|atk|2\n|-boost|p2a: Venusaur|spa|2\n|\n|-weather|SunnyDay|[upkeep]\n|upkeep\n|turn|22\n|\n|t:|1788289563\n|move|p2a: Venusaur|Weather Ball|p1a: Goodra\n|-damage|p1a: Goodra|0 fnt\n|faint|p1a: Goodra\n|-damage|p2a: Venusaur|91/100|[from] item: Life Orb\n|\n|-weather|SunnyDay|[upkeep]\n|upkeep\n|\n|t:|1788289566\n|switch|p1a: Rillaboom|Rillaboom, F|100/100\n|-fieldstart|move: Grassy Terrain|[from] ability: Grassy Surge|[of] p1a: Rillaboom\n|turn|23\n|\n|t:|1788289569\n|move|p1a: Rillaboom|Grassy Glide|p2a: Venusaur\n|-resisted|p2a: Venusaur\n|-damage|p2a: Venusaur|44/100\n|move|p2a: Venusaur|Weather Ball|p1a: Rillaboom\n|-supereffective|p1a: Rillaboom\n|-damage|p1a: Rillaboom|0 fnt\n|faint|p1a: Rillaboom\n|-damage|p2a: Venusaur|34/100|[from] item: Life Orb\n|\n|-weather|SunnyDay|[upkeep]\n|-heal|p2a: Venusaur|40/100|[from] Grassy Terrain\n|upkeep\n|\n|t:|1788289572\n|switch|p1a: Thundurus|Thundurus-Therian, M, tera:Psychic|75/100\n|turn|24\n|\n|t:|1788289573\n|move|p2a: Venusaur|Giga Drain|p1a: Thundurus\n|-damage|p1a: Thundurus|0 fnt\n|-heal|p2a: Venusaur|76/100|[from] drain|[of] p1a: Thundurus\n|faint|p1a: Thundurus\n|-damage|p2a: Venusaur|66/100|[from] item: Life Orb\n|\n|win|Khinelalala\n|raw|mansonabuluting's rating: 1536 &rarr; <strong>1516</strong><br />(-20 for losing)\n|raw|Khinelalala's rating: 1544 &rarr; <strong>1564</strong><br />(+20 for winning)\n|l|\u2606mansonabuluting\n|player|p1|\n|l|\u2606Khinelalala\n|player|p2|\n", "uploadtime": 1788289828, "views": "14", "formatid": "gen9ou", "rating": 1516, "private": 0, "password": null}