{"id": "gen9ou-2673891491", "format": "[Gen 9] OU", "players": ["blu-97_v", "Nahlokin"], "log": "|j|\u2606blu-97_v\n|j|\u2606Nahlokin\n|t:|1788273741\n|gametype|singles\n|player|p1|blu-97_v|lucas|1585\n|player|p2|Nahlokin|hilbert|1595\n|gen|9\n|tier|[Gen 9] OU\n|rated|\n|rule|HP Percentage Mod: HP is shown in percentages\n|rule|Endless Battle Clause: Forcing endless battles is banned\n|rule|Species Clause: Limit one of each Pok\u00e9mon\n|rule|OHKO Clause: OHKO moves are banned\n|rule|Evasion Items Clause: Evasion items are banned\n|rule|Evasion Moves Clause: Evasion moves are banned\n|rule|Evasion Abilities Clause: Evasion abilities are banned\n|rule|Sleep Moves Clause: Sleep-inducing moves are banned\n|clearpoke\n|poke|p1|Darkrai|\n|poke|p1|Samurott-Hisui, F|\n|poke|p1|Gliscor, F|\n|poke|p1|Gholdengo|\n|poke|p1|Dragapult, F|\n|poke|p1|Ogerpon-Wellspring, F|\n|poke|p2|Trevenant, M|\n|poke|p2|Torkoal, M|\n|poke|p2|Walking Wake|\n|poke|p2|Great Tusk|\n|poke|p2|Heatran, F|\n|poke|p2|Clefable, F|\n|teampreview\n|inactive|Battle timer is ON: inactive players will automatically lose when time's up. (requested by Nahlokin)\n|inactive|blu-97_v has 120 seconds left.\n|\n|t:|1788273774\n|teamsize|p1|6\n|teamsize|p2|6\n|start\n|switch|p1a: Samurott|Samurott-Hisui, F|100/100\n|switch|p2a: END KALI YUGA|Torkoal, M|100/100\n|-weather|SunnyDay|[from] ability: Drought|[of] p2a: END KALI YUGA\n|turn|1\n|\n|t:|1788273783\n|move|p1a: Samurott|Knock Off|p2a: END KALI YUGA\n|-damage|p2a: END KALI YUGA|77/100\n|-enditem|p2a: END KALI YUGA|Heat Rock|[from] move: Knock Off|[of] p1a: Samurott\n|move|p2a: END KALI YUGA|Will-O-Wisp|p1a: Samurott\n|-status|p1a: Samurott|brn\n|\n|-weather|SunnyDay|[upkeep]\n|-damage|p1a: Samurott|94/100 brn|[from] brn\n|upkeep\n|turn|2\n|\n|t:|1788273791\n|move|p1a: Samurott|Ceaseless Edge|p2a: END KALI YUGA|[miss]\n|-miss|p1a: Samurott|p2a: END KALI YUGA\n|move|p2a: END KALI YUGA|Stealth Rock|p1a: Samurott\n|-sidestart|p1: blu-97_v|move: Stealth Rock\n|\n|-weather|SunnyDay|[upkeep]\n|-damage|p1a: Samurott|88/100 brn|[from] brn\n|upkeep\n|turn|3\n|\n|t:|1788273797\n|move|p1a: Samurott|Ceaseless Edge|p2a: END KALI YUGA\n|-damage|p2a: END KALI YUGA|65/100\n|-sidestart|p2: Nahlokin|Spikes\n|move|p2a: END KALI YUGA|Rapid Spin|p1a: Samurott\n|-damage|p1a: Samurott|76/100 brn\n|-boost|p2a: END KALI YUGA|spe|1\n|-sideend|p2: Nahlokin|Spikes|[from] move: Rapid Spin|[of] p2a: END KALI YUGA\n|\n|-weather|SunnyDay|[upkeep]\n|-damage|p1a: Samurott|70/100 brn|[from] brn\n|upkeep\n|turn|4\n|\n|t:|1788273807\n|move|p1a: Samurott|Ceaseless Edge|p2a: END KALI YUGA\n|-damage|p2a: END KALI YUGA|53/100\n|-sidestart|p2: Nahlokin|Spikes\n|move|p2a: END KALI YUGA|Rapid Spin|p1a: Samurott\n|-damage|p1a: Samurott|58/100 brn\n|-boost|p2a: END KALI YUGA|spe|1\n|-sideend|p2: Nahlokin|Spikes|[from] move: Rapid Spin|[of] p2a: END KALI YUGA\n|\n|-weather|SunnyDay|[upkeep]\n|-damage|p1a: Samurott|52/100 brn|[from] brn\n|upkeep\n|turn|5\n|\n|t:|1788273816\n|move|p1a: Samurott|Razor Shell|p2a: END KALI YUGA\n|-supereffective|p2a: END KALI YUGA\n|-damage|p2a: END KALI YUGA|39/100\n|-unboost|p2a: END KALI YUGA|def|1\n|move|p2a: END KALI YUGA|Rapid Spin|p1a: Samurott\n|-damage|p1a: Samurott|40/100 brn\n|-boost|p2a: END KALI YUGA|spe|1\n|\n|-weather|SunnyDay|[upkeep]\n|-damage|p1a: Samurott|34/100 brn|[from] brn\n|upkeep\n|turn|6\n|\n|t:|1788273826\n|switch|p2a: MINERAL AWARENESS|Great Tusk|100/100\n|-activate|p2a: MINERAL AWARENESS|ability: Protosynthesis\n|-start|p2a: MINERAL AWARENESS|protosynthesisatk\n|move|p1a: Samurott|Ceaseless Edge|p2a: MINERAL AWARENESS\n|-resisted|p2a: MINERAL AWARENESS\n|-damage|p2a: MINERAL AWARENESS|92/100\n|-sidestart|p2: Nahlokin|Spikes\n|\n|-weather|SunnyDay|[upkeep]\n|-damage|p1a: Samurott|28/100 brn|[from] brn\n|upkeep\n|turn|7\n|\n|t:|1788273839\n|move|p1a: Samurott|Sucker Punch|p2a: MINERAL AWARENESS\n|-resisted|p2a: MINERAL AWARENESS\n|-damage|p2a: MINERAL AWARENESS|86/100\n|move|p2a: MINERAL AWARENESS|Knock Off|p1a: Samurott\n|-resisted|p1a: Samurott\n|-damage|p1a: Samurott|0 fnt\n|-enditem|p1a: Samurott|Heavy-Duty Boots|[from] move: Knock Off|[of] p2a: MINERAL AWARENESS\n|faint|p1a: Samurott\n|\n|-weather|SunnyDay|[upkeep]\n|upkeep\n|inactive|blu-97_v has 120 seconds left.\n|inactive|blu-97_v has 90 seconds left.\n|\n|t:|1788273897\n|switch|p1a: Dragapult|Dragapult, F|100/100\n|turn|8\n|\n|t:|1788273903\n|-end|p2a: MINERAL AWARENESS|Protosynthesis|[silent]\n|switch|p2a: I'LL MISS|Heatran, F|100/100\n|-damage|p2a: I'LL MISS|88/100|[from] Spikes\n|move|p1a: Dragapult|Will-O-Wisp|p2a: I'LL MISS\n|-start|p2a: I'LL MISS|ability: Flash Fire\n|\n|-weather|none\n|-heal|p2a: I'LL MISS|94/100|[from] item: Leftovers\n|upkeep\n|turn|9\n|inactive|blu-97_v has 90 seconds left.\n|\n|t:|1788273933\n|move|p1a: Dragapult|Hex|p2a: I'LL MISS\n|-damage|p2a: I'LL MISS|76/100\n|move|p2a: I'LL MISS|Magma Storm|p1a: Dragapult\n|-resisted|p1a: Dragapult\n|-damage|p1a: Dragapult|48/100\n|-activate|p1a: Dragapult|move: Magma Storm|[of] p2a: I'LL MISS\n|\n|-heal|p2a: I'LL MISS|83/100|[from] item: Leftovers\n|-damage|p1a: Dragapult|36/100|[from] move: Magma Storm|[partiallytrapped]\n|upkeep\n|turn|10\n|inactive|Nahlokin has 120 seconds left.\n|\n|t:|1788273971\n|move|p1a: Dragapult|U-turn|p2a: I'LL MISS\n|-resisted|p2a: I'LL MISS\n|-damage|p2a: I'LL MISS|78/100\n|inactive|blu-97_v has 90 seconds left.\n|\n|t:|1788273984\n|switch|p1a: Gliscor|Gliscor, F|100/100|[from] U-turn\n|-damage|p1a: Gliscor|88/100|[from] Stealth Rock\n|move|p2a: I'LL MISS|Earth Power|p1a: Gliscor\n|-immune|p1a: Gliscor\n|\n|-heal|p2a: I'LL MISS|85/100|[from] item: Leftovers\n|-status|p1a: Gliscor|tox|[from] item: Toxic Orb\n|upkeep\n|turn|11\n|inactive|Nahlokin has 120 seconds left.\n|inactive|Nahlokin has 90 seconds left.\n|\n|t:|1788274049\n|-end|p2a: I'LL MISS|ability: Flash Fire|[silent]\n|switch|p2a: GOLEMS NOT READY|Trevenant, M|100/100\n|-damage|p2a: GOLEMS NOT READY|88/100|[from] Spikes\n|move|p1a: Gliscor|Protect||[still]\n|-fail|p1a: Gliscor\n|\n|-heal|p1a: Gliscor|100/100 tox|[from] ability: Poison Heal\n|upkeep\n|turn|12\n|inactive|blu-97_v has 90 seconds left.\n|\n|t:|1788274066\n|move|p1a: Gliscor|Toxic|p2a: GOLEMS NOT READY\n|-status|p2a: GOLEMS NOT READY|tox\n|move|p2a: GOLEMS NOT READY|Substitute|p2a: GOLEMS NOT READY\n|-start|p2a: GOLEMS NOT READY|Substitute\n|-damage|p2a: GOLEMS NOT READY|63/100 tox\n|\n|-damage|p2a: GOLEMS NOT READY|57/100 tox|[from] psn\n|upkeep\n|turn|13\n|\n|t:|1788274072\n|move|p1a: Gliscor|Stealth Rock|p2a: GOLEMS NOT READY\n|-sidestart|p2: Nahlokin|move: Stealth Rock\n|move|p2a: GOLEMS NOT READY|Curse|p1a: Gliscor\n|-start|p1a: Gliscor|Curse|[of] p2a: GOLEMS NOT READY\n|-damage|p2a: GOLEMS NOT READY|7/100 tox\n|-enditem|p2a: GOLEMS NOT READY|Sitrus Berry|[eat]\n|-heal|p2a: GOLEMS NOT READY|32/100 tox|[from] item: Sitrus Berry\n|\n|-damage|p2a: GOLEMS NOT READY|20/100 tox|[from] psn\n|-damage|p1a: Gliscor|75/100 tox|[from] Curse\n|upkeep\n|turn|14\n|inactive|blu-97_v has 90 seconds left.\n|\n|t:|1788274093\n|move|p1a: Gliscor|Knock Off|p2a: GOLEMS NOT READY\n|-supereffective|p2a: GOLEMS NOT READY\n|-end|p2a: GOLEMS NOT READY|Substitute\n|move|p2a: GOLEMS NOT READY|Leech Seed|p1a: Gliscor\n|-start|p1a: Gliscor|move: Leech Seed\n|\n|-damage|p1a: Gliscor|63/100 tox|[from] Leech Seed|[of] p2a: GOLEMS NOT READY\n|-heal|p2a: GOLEMS NOT READY|32/100 tox|[silent]\n|-heal|p1a: Gliscor|75/100 tox|[from] ability: Poison Heal\n|-damage|p2a: GOLEMS NOT READY|13/100 tox|[from] psn\n|-damage|p1a: Gliscor|50/100 tox|[from] Curse\n|upkeep\n|turn|15\n|\n|t:|1788274103\n|move|p2a: GOLEMS NOT READY|Protect|p2a: GOLEMS NOT READY\n|-singleturn|p2a: GOLEMS NOT READY|Protect\n|move|p1a: Gliscor|Knock Off|p2a: GOLEMS NOT READY\n|-activate|p2a: GOLEMS NOT READY|move: Protect\n|\n|-damage|p1a: Gliscor|38/100 tox|[from] Leech Seed|[of] p2a: GOLEMS NOT READY\n|-heal|p2a: GOLEMS NOT READY|25/100 tox|[silent]\n|-heal|p1a: Gliscor|50/100 tox|[from] ability: Poison Heal\n|-damage|p2a: GOLEMS NOT READY|0 fnt|[from] psn\n|faint|p2a: GOLEMS NOT READY\n|-damage|p1a: Gliscor|25/100 tox|[from] Curse\n|upkeep\n|\n|t:|1788274113\n|switch|p2a: MINERAL AWARENESS|Great Tusk|86/100\n|turn|16\n|\n|t:|1788274126\n|move|p2a: MINERAL AWARENESS|Knock Off|p1a: Gliscor\n|-damage|p1a: Gliscor|0 fnt\n|-enditem|p1a: Gliscor|Toxic Orb|[from] move: Knock Off|[of] p2a: MINERAL AWARENESS\n|faint|p1a: Gliscor\n|\n|upkeep\n|\n|t:|1788274129\n|switch|p1a: Dragapult|Dragapult, F|36/100\n|turn|17\n|\n|t:|1788274134\n|-end|p2a: MINERAL AWARENESS|Protosynthesis|[silent]\n|switch|p2a: I'LL MISS|Heatran, F|85/100\n|-damage|p2a: I'LL MISS|72/100|[from] Spikes\n|-damage|p2a: I'LL MISS|60/100|[from] Stealth Rock\n|move|p1a: Dragapult|Will-O-Wisp|p2a: I'LL MISS\n|-start|p2a: I'LL MISS|ability: Flash Fire\n|\n|-heal|p2a: I'LL MISS|66/100|[from] item: Leftovers\n|upkeep\n|turn|18\n|\n|t:|1788274143\n|move|p1a: Dragapult|Hex|p2a: I'LL MISS\n|-damage|p2a: I'LL MISS|48/100\n|move|p2a: I'LL MISS|Magma Storm|p1a: Dragapult\n|-resisted|p1a: Dragapult\n|-damage|p1a: Dragapult|0 fnt\n|faint|p1a: Dragapult\n|\n|-heal|p2a: I'LL MISS|54/100|[from] item: Leftovers\n|upkeep\n|\n|t:|1788274145\n|switch|p1a: Ogerpon|Ogerpon-Wellspring, F|100/100\n|-damage|p1a: Ogerpon|88/100|[from] Stealth Rock\n|turn|19\n|inactive|Nahlokin has 90 seconds left.\n|inactive|Nahlokin has 60 seconds left.\n|\n|t:|1788274214\n|-terastallize|p1a: Ogerpon|Water\n|detailschange|p1a: Ogerpon|Ogerpon-Wellspring-Tera, F, tera:Water\n|-ability|p1a: Ogerpon|Embody Aspect (Wellspring)|boost\n|-boost|p1a: Ogerpon|spd|1\n|move|p1a: Ogerpon|Ivy Cudgel|p2a: I'LL MISS|[anim] Ivy Cudgel Water\n|-supereffective|p2a: I'LL MISS\n|-damage|p2a: I'LL MISS|0 fnt\n|faint|p2a: I'LL MISS\n|\n|upkeep\n|\n|t:|1788274222\n|switch|p2a: END KALI YUGA|Torkoal, M|39/100\n|-damage|p2a: END KALI YUGA|26/100|[from] Spikes\n|-damage|p2a: END KALI YUGA|1/100|[from] Stealth Rock\n|-weather|SunnyDay|[from] ability: Drought|[of] p2a: END KALI YUGA\n|turn|20\n|inactive|Nahlokin has 60 seconds left.\n|\n|t:|1788274230\n|switch|p2a: ANNUNAKI PROJECT|Clefable, F|100/100\n|-damage|p2a: ANNUNAKI PROJECT|88/100|[from] Spikes\n|-damage|p2a: ANNUNAKI PROJECT|76/100|[from] Stealth Rock\n|move|p1a: Ogerpon|Knock Off|p2a: ANNUNAKI PROJECT\n|-resisted|p2a: ANNUNAKI PROJECT\n|-damage|p2a: ANNUNAKI PROJECT|60/100\n|-enditem|p2a: ANNUNAKI PROJECT|Leftovers|[from] move: Knock Off|[of] p1a: Ogerpon\n|\n|-weather|SunnyDay|[upkeep]\n|upkeep\n|turn|21\n|\n|t:|1788274238\n|move|p1a: Ogerpon|Ivy Cudgel|p2a: ANNUNAKI PROJECT|[anim] Ivy Cudgel Water\n|-damage|p2a: ANNUNAKI PROJECT|31/100\n|move|p2a: ANNUNAKI PROJECT|Healing Wish|p2a: ANNUNAKI PROJECT\n|faint|p2a: ANNUNAKI PROJECT\n|\n|-weather|SunnyDay|[upkeep]\n|upkeep\n|\n|t:|1788274244\n|switch|p2a: MINERAL AWARENESS|Great Tusk|86/100\n|-heal|p2a: MINERAL AWARENESS|100/100|[from] move: Healing Wish\n|-activate|p2a: MINERAL AWARENESS|ability: Protosynthesis\n|-start|p2a: MINERAL AWARENESS|protosynthesisatk\n|turn|22\n|\n|t:|1788274252\n|move|p1a: Ogerpon|Ivy Cudgel|p2a: MINERAL AWARENESS|[anim] Ivy Cudgel Water\n|-supereffective|p2a: MINERAL AWARENESS\n|-damage|p2a: MINERAL AWARENESS|46/100\n|move|p2a: MINERAL AWARENESS|Rapid Spin|p1a: Ogerpon\n|-damage|p1a: Ogerpon|60/100\n|-boost|p2a: MINERAL AWARENESS|spe|1\n|-sideend|p2: Nahlokin|Spikes|[from] move: Rapid Spin|[of] p2a: MINERAL AWARENESS\n|-sideend|p2: Nahlokin|Stealth Rock|[from] move: Rapid Spin|[of] p2a: MINERAL AWARENESS\n|\n|-weather|SunnyDay|[upkeep]\n|upkeep\n|turn|23\n|\n|t:|1788274259\n|move|p2a: MINERAL AWARENESS|Headlong Rush|p1a: Ogerpon\n|-damage|p1a: Ogerpon|0 fnt\n|-unboost|p2a: MINERAL AWARENESS|def|1\n|-unboost|p2a: MINERAL AWARENESS|spd|1\n|faint|p1a: Ogerpon\n|detailschange|p1: Ogerpon|Ogerpon-Wellspring, F|[silent]\n|\n|-weather|SunnyDay|[upkeep]\n|upkeep\n|\n|t:|1788274264\n|switch|p1a: Gholdengo|Gholdengo|100/100\n|-damage|p1a: Gholdengo|94/100|[from] Stealth Rock\n|turn|24\n|inactive|Nahlokin has 90 seconds left.\n|\n|t:|1788274272\n|move|p2a: MINERAL AWARENESS|Headlong Rush|p1a: Gholdengo\n|-supereffective|p1a: Gholdengo\n|-damage|p1a: Gholdengo|0 fnt\n|-unboost|p2a: MINERAL AWARENESS|def|1\n|-unboost|p2a: MINERAL AWARENESS|spd|1\n|faint|p1a: Gholdengo\n|\n|-weather|none\n|-end|p2a: MINERAL AWARENESS|Protosynthesis\n|upkeep\n|\n|t:|1788274274\n|switch|p1a: Darkrai|Darkrai|100/100\n|turn|25\n|\n|t:|1788274283\n|move|p2a: MINERAL AWARENESS|Headlong Rush|p1a: Darkrai\n|-damage|p1a: Darkrai|15/100\n|-unboost|p2a: MINERAL AWARENESS|def|1\n|-unboost|p2a: MINERAL AWARENESS|spd|1\n|move|p1a: Darkrai|Dark Pulse|p2a: MINERAL AWARENESS\n|-resisted|p2a: MINERAL AWARENESS\n|-damage|p2a: MINERAL AWARENESS|0 fnt\n|faint|p2a: MINERAL AWARENESS\n|-end|p2a: MINERAL AWARENESS|Protosynthesis|[silent]\n|\n|upkeep\n|\n|t:|1788274291\n|switch|p2a: END KALI YUGA|Torkoal, M|1/100\n|-weather|SunnyDay|[from] ability: Drought|[of] p2a: END KALI YUGA\n|turn|26\n|\n|t:|1788274294\n|move|p1a: Darkrai|Dark Pulse|p2a: END KALI YUGA\n|-damage|p2a: END KALI YUGA|0 fnt\n|faint|p2a: END KALI YUGA\n|\n|-weather|SunnyDay|[upkeep]\n|upkeep\n|\n|t:|1788274299\n|switch|p2a: MATHEMATICAL CHEST|Walking Wake|100/100\n|-activate|p2a: MATHEMATICAL CHEST|ability: Protosynthesis\n|-start|p2a: MATHEMATICAL CHEST|protosynthesisspe\n|turn|27\n|\n|t:|1788274302\n|move|p2a: MATHEMATICAL CHEST|Hydro Steam|p1a: Darkrai\n|-damage|p1a: Darkrai|0 fnt\n|faint|p1a: Darkrai\n|\n|win|Nahlokin\n|raw|blu-97_v's rating: 1585 &rarr; <strong>1566</strong><br />(-19 for losing)\n|raw|Nahlokin's rating: 1595 &rarr; <strong>1614</strong><br />(+19 for winning)\n|l|\u2606blu-97_v\n|player|p1|\n|l|\u2606Nahlokin\n|player|p2|\n", "uploadtime": 1788274469, "views": "1", "formatid": "gen9ou", "rating": 1566, "private": 0, "password": null}