{"id": "gen9ou-2674031774", "format": "[Gen 9] OU", "players": ["Healboy009", "Prav33n"], "log": "|j|\u2606Healboy009\n|j|\u2606Prav33n\n|t:|1788290417\n|gametype|singles\n|player|p1|Healboy009|lucas|1626\n|player|p2|Prav33n|koga|1670\n|gen|9\n|tier|[Gen 9] OU\n|rated|\n|rule|HP Percentage Mod: HP is shown in percentages\n|rule|Endless Battle Clause: Forcing endless battles is banned\n|rule|Species Clause: Limit one of each Pok\u00e9mon\n|rule|OHKO Clause: OHKO moves are banned\n|rule|Evasion Items Clause: Evasion items are banned\n|rule|Evasion Moves Clause: Evasion moves are banned\n|rule|Evasion Abilities Clause: Evasion abilities are banned\n|rule|Sleep Moves Clause: Sleep-inducing moves are banned\n|clearpoke\n|poke|p1|Cresselia, F|\n|poke|p1|Avalugg, M|\n|poke|p1|Inteleon, M|\n|poke|p1|Rampardos, F|\n|poke|p1|Gengar, M|\n|poke|p1|Kingambit, M|\n|poke|p2|Samurott-Hisui, F|\n|poke|p2|Gholdengo|\n|poke|p2|Gliscor, F|\n|poke|p2|Zamazenta-*|\n|poke|p2|Kyurem|\n|poke|p2|Glimmora, F|\n|teampreview\n|inactive|Battle timer is ON: inactive players will automatically lose when time's up. (requested by Prav33n)\n|\n|t:|1788290428\n|teamsize|p1|6\n|teamsize|p2|6\n|start\n|switch|p1a: Inteleon|Inteleon, M|100/100\n|switch|p2a: Kyurem|Kyurem, shiny|100/100\n|-ability|p2a: Kyurem|Pressure\n|turn|1\n|\n|t:|1788290433\n|move|p1a: Inteleon|Snipe Shot|p2a: Kyurem\n|-resisted|p2a: Kyurem\n|-damage|p2a: Kyurem|90/100\n|move|p2a: Kyurem|Freeze-Dry|p1a: Inteleon\n|-supereffective|p1a: Inteleon\n|-damage|p1a: Inteleon|0 fnt\n|faint|p1a: Inteleon\n|\n|upkeep\n|\n|t:|1788290439\n|switch|p1a: Rampardos|Rampardos, F|100/100\n|turn|2\n|\n|t:|1788290443\n|switch|p2a: Glimmora|Glimmora, F|100/100\n|move|p1a: Rampardos|Rock Slide|p2a: Glimmora\n|-damage|p2a: Glimmora|58/100\n|-activate|p2a: Glimmora|ability: Toxic Debris\n|-sidestart|p1: Healboy009|move: Toxic Spikes\n|\n|upkeep\n|turn|3\n|\n|t:|1788290448\n|move|p2a: Glimmora|Stealth Rock|p1a: Rampardos\n|-sidestart|p1: Healboy009|move: Stealth Rock\n|move|p1a: Rampardos|Rock Slide|p2a: Glimmora\n|-damage|p2a: Glimmora|16/100\n|-activate|p2a: Glimmora|ability: Toxic Debris\n|-sidestart|p1: Healboy009|move: Toxic Spikes\n|\n|upkeep\n|turn|4\n|\n|t:|1788290451\n|move|p2a: Glimmora|Earth Power|p1a: Rampardos\n|-supereffective|p1a: Rampardos\n|-damage|p1a: Rampardos|48/100\n|move|p1a: Rampardos|Rock Slide|p2a: Glimmora\n|-damage|p2a: Glimmora|0 fnt\n|faint|p2a: Glimmora\n|\n|upkeep\n|\n|t:|1788290453\n|switch|p2a: Kyurem|Kyurem, shiny|90/100\n|-ability|p2a: Kyurem|Pressure\n|turn|5\n|\n|t:|1788290455\n|move|p2a: Kyurem|Ice Beam|p1a: Rampardos\n|-damage|p1a: Rampardos|4/100\n|move|p1a: Rampardos|Rock Slide|p2a: Kyurem\n|-supereffective|p2a: Kyurem\n|-damage|p2a: Kyurem|1/100\n|\n|upkeep\n|turn|6\n|\n|t:|1788290461\n|move|p2a: Kyurem|Ice Beam|p1a: Rampardos\n|-damage|p1a: Rampardos|0 fnt\n|faint|p1a: Rampardos\n|\n|upkeep\n|\n|t:|1788290463\n|switch|p1a: Gengar|Gengar, M|100/100\n|-sideend|p1: Healboy009|move: Toxic Spikes|[of] p1a: Gengar\n|-damage|p1a: Gengar|88/100|[from] Stealth Rock\n|turn|7\n|\n|t:|1788290468\n|move|p1a: Gengar|Shadow Ball|p2a: Kyurem\n|-damage|p2a: Kyurem|0 fnt\n|faint|p2a: Kyurem\n|\n|upkeep\n|\n|t:|1788290470\n|switch|p2a: Samurott|Samurott-Hisui, F|100/100\n|turn|8\n|\n|t:|1788290473\n|switch|p1a: Avalugg|Avalugg, M|100/100\n|move|p2a: Samurott|Ceaseless Edge|p1a: Avalugg\n|-damage|p1a: Avalugg|84/100\n|-sidestart|p1: Healboy009|Spikes\n|\n|upkeep\n|turn|9\n|\n|t:|1788290478\n|switch|p2a: Gholdengo|Gholdengo|100/100\n|switch|p1a: Gengar|Gengar, M|88/100\n|-damage|p1a: Gengar|76/100|[from] Stealth Rock\n|-damage|p1a: Gengar|64/100|[from] Spikes\n|\n|upkeep\n|turn|10\n|j| DENY YOURSELF 144\n|\n|t:|1788290483\n|switch|p2a: Samurott|Samurott-Hisui, F|100/100\n|move|p1a: Gengar|Will-O-Wisp|p2a: Samurott|[miss]\n|-miss|p1a: Gengar|p2a: Samurott\n|\n|upkeep\n|turn|11\n|\n|t:|1788290486\n|move|p1a: Gengar|Will-O-Wisp|p2a: Samurott\n|-status|p2a: Samurott|brn\n|move|p2a: Samurott|Ceaseless Edge|p1a: Gengar\n|-supereffective|p1a: Gengar\n|-damage|p1a: Gengar|0 fnt\n|-sidestart|p1: Healboy009|Spikes\n|faint|p1a: Gengar\n|\n|-damage|p2a: Samurott|94/100 brn|[from] brn\n|upkeep\n|\n|t:|1788290493\n|switch|p1a: Cresselia|Cresselia, F|100/100\n|-damage|p1a: Cresselia|88/100|[from] Stealth Rock\n|turn|12\n|\n|t:|1788290495\n|move|p2a: Samurott|Ceaseless Edge|p1a: Cresselia\n|-supereffective|p1a: Cresselia\n|-damage|p1a: Cresselia|57/100\n|-sidestart|p1: Healboy009|Spikes\n|move|p1a: Cresselia|Calm Mind|p1a: Cresselia\n|-boost|p1a: Cresselia|spa|1\n|-boost|p1a: Cresselia|spd|1\n|\n|-heal|p1a: Cresselia|63/100|[from] item: Leftovers\n|-damage|p2a: Samurott|88/100 brn|[from] brn\n|upkeep\n|turn|13\n|\n|t:|1788290499\n|switch|p2a: Gholdengo|Gholdengo|100/100\n|move|p1a: Cresselia|Lunar Blessing|p1a: Cresselia\n|-heal|p1a: Cresselia|88/100\n|\n|-heal|p1a: Cresselia|94/100|[from] item: Leftovers\n|upkeep\n|turn|14\n|\n|t:|1788290503\n|-terastallize|p1a: Cresselia|Fairy\n|move|p2a: Gholdengo|Nasty Plot|p2a: Gholdengo\n|-boost|p2a: Gholdengo|spa|2\n|move|p1a: Cresselia|Calm Mind|p1a: Cresselia\n|-boost|p1a: Cresselia|spa|1\n|-boost|p1a: Cresselia|spd|1\n|\n|-heal|p1a: Cresselia|99/100|[from] item: Leftovers\n|upkeep\n|turn|15\n|\n|t:|1788290513\n|move|p2a: Gholdengo|Make It Rain|p1a: Cresselia\n|-supereffective|p1a: Cresselia\n|-damage|p1a: Cresselia|15/100\n|-unboost|p2a: Gholdengo|spa|1\n|move|p1a: Cresselia|Stored Power|p2a: Gholdengo\n|-resisted|p2a: Gholdengo\n|-damage|p2a: Gholdengo|54/100\n|\n|-heal|p1a: Cresselia|21/100|[from] item: Leftovers\n|upkeep\n|turn|16\n|\n|t:|1788290516\n|move|p2a: Gholdengo|Make It Rain|p1a: Cresselia\n|-supereffective|p1a: Cresselia\n|-damage|p1a: Cresselia|0 fnt\n|-unboost|p2a: Gholdengo|spa|1\n|faint|p1a: Cresselia\n|\n|upkeep\n|\n|t:|1788290519\n|switch|p1a: Kingambit|Kingambit, M|100/100\n|-damage|p1a: Kingambit|94/100|[from] Stealth Rock\n|-damage|p1a: Kingambit|70/100|[from] Spikes\n|-activate|p1a: Kingambit|ability: Supreme Overlord\n|-start|p1a: Kingambit|fallen4|[silent]\n|turn|17\n|\n|t:|1788290522\n|switch|p2a: Zamazenta|Zamazenta|100/100\n|-ability|p2a: Zamazenta|Dauntless Shield|boost\n|-boost|p2a: Zamazenta|def|1\n|move|p1a: Kingambit|Swords Dance|p1a: Kingambit\n|-boost|p1a: Kingambit|atk|2\n|\n|upkeep\n|turn|18\n|\n|t:|1788290525\n|move|p1a: Kingambit|Sucker Punch|p2a: Zamazenta\n|-resisted|p2a: Zamazenta\n|-damage|p2a: Zamazenta|67/100\n|move|p2a: Zamazenta|Body Press|p1a: Kingambit\n|-supereffective|p1a: Kingambit\n|-damage|p1a: Kingambit|0 fnt\n|faint|p1a: Kingambit\n|-end|p1a: Kingambit|fallen4|[silent]\n|\n|-heal|p2a: Zamazenta|74/100|[from] item: Leftovers\n|upkeep\n|\n|t:|1788290527\n|switch|p1a: Avalugg|Avalugg, M|84/100\n|turn|19\n|\n|t:|1788290530\n|move|p2a: Zamazenta|Body Press|p1a: Avalugg\n|-supereffective|p1a: Avalugg\n|-damage|p1a: Avalugg|35/100\n|move|p1a: Avalugg|Body Press|p2a: Zamazenta\n|-damage|p2a: Zamazenta|54/100\n|\n|-heal|p2a: Zamazenta|60/100|[from] item: Leftovers\n|upkeep\n|turn|20\n|inactive|Healboy009 has 120 seconds left.\n|-message|Healboy009 forfeited.\n|\n|win|Prav33n\n|raw|Healboy009's rating: 1626 &rarr; <strong>1609</strong><br />(-17 for losing)\n|raw|Prav33n's rating: 1670 &rarr; <strong>1687</strong><br />(+17 for winning)\n|l|\u2606Healboy009\n|player|p1|\n", "uploadtime": 1788290781, "views": "2", "formatid": "gen9ou", "rating": 1609, "private": 0, "password": null}