{"id": "gen9ou-2674033934", "format": "[Gen 9] OU", "players": ["praveenkumart236", "GuduleLebrave"], "log": "|j|\u2606praveenkumart236\n|j|\u2606GuduleLebrave\n|t:|1788290670\n|gametype|singles\n|player|p1|praveenkumart236|2|1458\n|player|p2|GuduleLebrave|101|1403\n|gen|9\n|tier|[Gen 9] OU\n|rated|\n|rule|HP Percentage Mod: HP is shown in percentages\n|rule|Endless Battle Clause: Forcing endless battles is banned\n|rule|Species Clause: Limit one of each Pok\u00e9mon\n|rule|OHKO Clause: OHKO moves are banned\n|rule|Evasion Items Clause: Evasion items are banned\n|rule|Evasion Moves Clause: Evasion moves are banned\n|rule|Evasion Abilities Clause: Evasion abilities are banned\n|rule|Sleep Moves Clause: Sleep-inducing moves are banned\n|clearpoke\n|poke|p1|Deoxys-Speed|\n|poke|p1|Indeedee, M|\n|poke|p1|Armarouge, M|\n|poke|p1|Hatterene, F|\n|poke|p1|Cinderace, M|\n|poke|p1|Hawlucha, F|\n|poke|p2|Charizard, F|\n|poke|p2|Arcanine, F|\n|poke|p2|Flygon, M|\n|poke|p2|Ninetales, M|\n|poke|p2|Walking Wake|\n|poke|p2|Great Tusk|\n|teampreview\n|inactive|Battle timer is ON: inactive players will automatically lose when time's up. (requested by GuduleLebrave)\n|inactive|praveenkumart236 also wants the timer to be on.\n|\n|t:|1788290678\n|teamsize|p1|6\n|teamsize|p2|6\n|start\n|switch|p1a: Indeedee|Indeedee, M|100/100\n|switch|p2a: Sunlight|Ninetales, M|100/100\n|-weather|SunnyDay|[from] ability: Drought|[of] p2a: Sunlight\n|-fieldstart|move: Psychic Terrain|[from] ability: Psychic Surge|[of] p1a: Indeedee\n|turn|1\n|\n|t:|1788290685\n|switch|p1a: Armarouge|Armarouge, M|100/100\n|move|p2a: Sunlight|Overheat|p1a: Armarouge|[miss]\n|-miss|p2a: Sunlight|p1a: Armarouge\n|\n|-weather|SunnyDay|[upkeep]\n|upkeep\n|turn|2\n|\n|t:|1788290692\n|switch|p2a: Walking Wake|Walking Wake|100/100\n|-activate|p2a: Walking Wake|ability: Protosynthesis\n|-start|p2a: Walking Wake|protosynthesisspe\n|move|p1a: Armarouge|Expanding Force|p2a: Walking Wake\n|-damage|p2a: Walking Wake|9/100\n|\n|-weather|SunnyDay|[upkeep]\n|upkeep\n|turn|3\n|\n|t:|1788290698\n|switch|p1a: Hatterene|Hatterene, F|100/100\n|move|p2a: Walking Wake|Hydro Steam|p1a: Hatterene\n|-damage|p1a: Hatterene|6/100\n|-enditem|p1a: Hatterene|Eject Button\n|\n|t:|1788290702\n|switch|p1a: Hawlucha|Hawlucha, F|100/100\n|-enditem|p1a: Hawlucha|Psychic Seed\n|-boost|p1a: Hawlucha|spd|1|[from] item: Psychic Seed\n|\n|-weather|SunnyDay|[upkeep]\n|upkeep\n|turn|4\n|\n|t:|1788290714\n|-end|p2a: Walking Wake|Protosynthesis|[silent]\n|switch|p2a: Zekkenia|Charizard, F|100/100\n|move|p1a: Hawlucha|Swords Dance|p1a: Hawlucha\n|-boost|p1a: Hawlucha|atk|2\n|\n|-weather|SunnyDay|[upkeep]\n|-damage|p2a: Zekkenia|88/100|[from] ability: Solar Power|[of] p2a: Zekkenia\n|upkeep\n|turn|5\n|\n|t:|1788290718\n|move|p1a: Hawlucha|Acrobatics|p2a: Zekkenia\n|-damage|p2a: Zekkenia|0 fnt\n|faint|p2a: Zekkenia\n|\n|-weather|SunnyDay|[upkeep]\n|upkeep\n|\n|t:|1788290732\n|switch|p2a: Decaninos|Arcanine, F|100/100\n|-ability|p2a: Decaninos|Intimidate|boost\n|-unboost|p1a: Hawlucha|atk|1\n|turn|6\n|\n|t:|1788290752\n|move|p1a: Hawlucha|Close Combat|p2a: Decaninos\n|-damage|p2a: Decaninos|13/100\n|-unboost|p1a: Hawlucha|def|1\n|-unboost|p1a: Hawlucha|spd|1\n|move|p2a: Decaninos|Curse|p2a: Decaninos\n|-unboost|p2a: Decaninos|spe|1\n|-boost|p2a: Decaninos|atk|1\n|-boost|p2a: Decaninos|def|1\n|\n|-weather|SunnyDay|[upkeep]\n|-heal|p2a: Decaninos|19/100|[from] item: Leftovers\n|upkeep\n|turn|7\n|\n|t:|1788290762\n|move|p1a: Hawlucha|Acrobatics|p2a: Decaninos\n|-damage|p2a: Decaninos|0 fnt\n|faint|p2a: Decaninos\n|\n|-weather|SunnyDay|[upkeep]\n|upkeep\n|\n|t:|1788290766\n|switch|p2a: Gromoustik|Flygon, M|100/100\n|turn|8\n|\n|t:|1788290783\n|-terastallize|p1a: Hawlucha|Electric\n|move|p1a: Hawlucha|Swords Dance|p1a: Hawlucha\n|-boost|p1a: Hawlucha|atk|2\n|move|p2a: Gromoustik|Fire Punch|p1a: Hawlucha\n|-damage|p1a: Hawlucha|30/100\n|\n|-weather|none\n|-fieldend|move: Psychic Terrain\n|upkeep\n|turn|9\n|\n|t:|1788290794\n|move|p1a: Hawlucha|Acrobatics|p2a: Gromoustik\n|-damage|p2a: Gromoustik|0 fnt\n|faint|p2a: Gromoustik\n|\n|upkeep\n|\n|t:|1788290797\n|switch|p2a: Sunlight|Ninetales, M|100/100\n|-weather|SunnyDay|[from] ability: Drought|[of] p2a: Sunlight\n|turn|10\n|\n|t:|1788290803\n|move|p1a: Hawlucha|Acrobatics|p2a: Sunlight\n|-damage|p2a: Sunlight|0 fnt\n|faint|p2a: Sunlight\n|\n|-weather|SunnyDay|[upkeep]\n|upkeep\n|-message|GuduleLebrave forfeited.\n|\n|win|praveenkumart236\n|raw|praveenkumart236's rating: 1458 &rarr; <strong>1475</strong><br />(+17 for winning)\n|raw|GuduleLebrave's rating: 1403 &rarr; <strong>1386</strong><br />(-17 for losing)\n|l|\u2606GuduleLebrave\n|player|p2|\n|l|\u2606praveenkumart236\n|player|p1|\n", "uploadtime": 1788291052, "views": "1", "formatid": "gen9ou", "rating": 1386, "private": 0, "password": null}