{"id": "gen9ou-2673934447", "format": "[Gen 9] OU", "players": ["Syushi", "Mr Tpen"], "log": "|j|\u2606Syushi\n|j|\u2606Mr Tpen\n|t:|1788278971\n|gametype|singles\n|player|p1|Syushi|jogger|1653\n|player|p2|Mr Tpen|102|1801\n|gen|9\n|tier|[Gen 9] OU\n|rated|\n|rule|HP Percentage Mod: HP is shown in percentages\n|rule|Endless Battle Clause: Forcing endless battles is banned\n|rule|Species Clause: Limit one of each Pok\u00e9mon\n|rule|OHKO Clause: OHKO moves are banned\n|rule|Evasion Items Clause: Evasion items are banned\n|rule|Evasion Moves Clause: Evasion moves are banned\n|rule|Evasion Abilities Clause: Evasion abilities are banned\n|rule|Sleep Moves Clause: Sleep-inducing moves are banned\n|clearpoke\n|poke|p1|Darkrai|\n|poke|p1|Corviknight, F|\n|poke|p1|Landorus-Therian, M|\n|poke|p1|Primarina, F|\n|poke|p1|Ogerpon-Cornerstone, F|\n|poke|p1|Raging Bolt|\n|poke|p2|Clodsire, F|\n|poke|p2|Toxapex, F|\n|poke|p2|Corviknight, F|\n|poke|p2|Dondozo, M|\n|poke|p2|Clefable, M|\n|poke|p2|Gliscor, M|\n|teampreview\n|inactive|Battle timer is ON: inactive players will automatically lose when time's up. (requested by Mr Tpen)\n|\n|t:|1788278981\n|teamsize|p1|6\n|teamsize|p2|6\n|start\n|switch|p1a: Darkrai|Darkrai|100/100\n|switch|p2a: nothing new there|Gliscor, M|100/100\n|turn|1\n|\n|t:|1788278986\n|-terastallize|p2a: nothing new there|Dark\n|move|p1a: Darkrai|Ice Beam|p2a: nothing new there\n|-damage|p2a: nothing new there|38/100\n|move|p2a: nothing new there|Toxic|p1a: Darkrai\n|-status|p1a: Darkrai|tox\n|\n|-damage|p1a: Darkrai|94/100 tox|[from] psn\n|-status|p2a: nothing new there|tox|[from] item: Toxic Orb\n|upkeep\n|turn|2\n|\n|t:|1788278993\n|move|p2a: nothing new there|Protect|p2a: nothing new there\n|-singleturn|p2a: nothing new there|Protect\n|move|p1a: Darkrai|Ice Beam|p2a: nothing new there\n|-activate|p2a: nothing new there|move: Protect\n|\n|-damage|p1a: Darkrai|82/100 tox|[from] psn\n|-heal|p2a: nothing new there|51/100 tox|[from] ability: Poison Heal\n|upkeep\n|turn|3\n|\n|t:|1788278999\n|switch|p1a: Primarina|Primarina, F|100/100\n|switch|p2a: take your time|Toxapex, F|100/100\n|\n|upkeep\n|turn|4\n|\n|t:|1788279006\n|-terastallize|p1a: Primarina|Poison\n|move|p1a: Primarina|Psychic Noise|p2a: take your time\n|-supereffective|p2a: take your time\n|-damage|p2a: take your time|58/100\n|-start|p2a: take your time|move: Heal Block\n|move|p2a: take your time|Infestation|p1a: Primarina\n|-resisted|p1a: Primarina\n|-damage|p1a: Primarina|99/100\n|-activate|p1a: Primarina|move: Infestation|[of] p2a: take your time\n|\n|-damage|p1a: Primarina|87/100|[from] move: Infestation|[partiallytrapped]\n|upkeep\n|turn|5\n|\n|t:|1788279012\n|move|p2a: take your time|Baneful Bunker|p2a: take your time\n|-singleturn|p2a: take your time|move: Protect\n|move|p1a: Primarina|Psychic Noise|p2a: take your time\n|-activate|p2a: take your time|move: Protect\n|\n|-damage|p1a: Primarina|75/100|[from] move: Infestation|[partiallytrapped]\n|-end|p2a: take your time|move: Heal Block\n|upkeep\n|turn|6\n|\n|t:|1788279020\n|move|p1a: Primarina|Psychic Noise|p2a: take your time\n|-supereffective|p2a: take your time\n|-damage|p2a: take your time|9/100\n|-start|p2a: take your time|move: Heal Block\n|move|p2a: take your time|Infestation|p1a: Primarina\n|-resisted|p1a: Primarina\n|-crit|p1a: Primarina\n|-damage|p1a: Primarina|74/100\n|\n|-damage|p1a: Primarina|61/100|[from] move: Infestation|[partiallytrapped]\n|upkeep\n|turn|7\n|\n|t:|1788279023\n|move|p2a: take your time|Baneful Bunker|p2a: take your time\n|-singleturn|p2a: take your time|move: Protect\n|move|p1a: Primarina|Surf|p2a: take your time\n|-activate|p2a: take your time|move: Protect\n|\n|-damage|p1a: Primarina|49/100|[from] move: Infestation|[partiallytrapped]\n|-end|p2a: take your time|move: Heal Block\n|upkeep\n|turn|8\n|\n|t:|1788279027\n|switch|p2a: per my last turn|Corviknight, F|100/100\n|-ability|p2a: per my last turn|Pressure\n|move|p1a: Primarina|Surf|p2a: per my last turn\n|-damage|p2a: per my last turn|68/100\n|\n|-heal|p2a: per my last turn|74/100|[from] item: Leftovers\n|-end|p1a: Primarina|Infestation|[partiallytrapped]\n|upkeep\n|turn|9\n|\n|t:|1788279032\n|move|p2a: per my last turn|Brave Bird|p1a: Primarina\n|-damage|p1a: Primarina|2/100\n|-damage|p2a: per my last turn|60/100|[from] Recoil\n|move|p1a: Primarina|Surf|p2a: per my last turn\n|-damage|p2a: per my last turn|13/100\n|\n|-heal|p2a: per my last turn|20/100|[from] item: Leftovers\n|upkeep\n|turn|10\n|\n|t:|1788279040\n|move|p2a: per my last turn|Roost|p2a: per my last turn\n|-heal|p2a: per my last turn|70/100\n|-singleturn|p2a: per my last turn|move: Roost\n|move|p1a: Primarina|Surf|p2a: per my last turn\n|-damage|p2a: per my last turn|20/100\n|\n|-heal|p2a: per my last turn|26/100|[from] item: Leftovers\n|upkeep\n|turn|11\n|\n|t:|1788279042\n|move|p2a: per my last turn|Protect|p2a: per my last turn\n|-singleturn|p2a: per my last turn|Protect\n|move|p1a: Primarina|Surf|p2a: per my last turn\n|-activate|p2a: per my last turn|move: Protect\n|\n|-heal|p2a: per my last turn|32/100|[from] item: Leftovers\n|upkeep\n|turn|12\n|\n|t:|1788279045\n|move|p2a: per my last turn|Roost|p2a: per my last turn\n|-heal|p2a: per my last turn|82/100\n|-singleturn|p2a: per my last turn|move: Roost\n|move|p1a: Primarina|Surf|p2a: per my last turn\n|-damage|p2a: per my last turn|32/100\n|\n|-heal|p2a: per my last turn|38/100|[from] item: Leftovers\n|upkeep\n|turn|13\n|\n|t:|1788279051\n|move|p2a: per my last turn|Protect|p2a: per my last turn\n|-singleturn|p2a: per my last turn|Protect\n|move|p1a: Primarina|Surf|p2a: per my last turn\n|-activate|p2a: per my last turn|move: Protect\n|\n|-heal|p2a: per my last turn|45/100|[from] item: Leftovers\n|upkeep\n|turn|14\n|\n|t:|1788279054\n|move|p2a: per my last turn|Roost|p2a: per my last turn\n|-heal|p2a: per my last turn|95/100\n|-singleturn|p2a: per my last turn|move: Roost\n|move|p1a: Primarina|Surf|p2a: per my last turn\n|-damage|p2a: per my last turn|43/100\n|\n|-heal|p2a: per my last turn|50/100|[from] item: Leftovers\n|upkeep\n|turn|15\n|\n|t:|1788279058\n|switch|p1a: Corviknight|Corviknight, F|100/100\n|-ability|p1a: Corviknight|Pressure\n|move|p2a: per my last turn|Protect||[still]\n|-fail|p2a: per my last turn\n|\n|-heal|p2a: per my last turn|56/100|[from] item: Leftovers\n|upkeep\n|turn|16\n|\n|t:|1788279062\n|move|p1a: Corviknight|U-turn|p2a: per my last turn\n|-resisted|p2a: per my last turn\n|-damage|p2a: per my last turn|53/100\n|\n|t:|1788279066\n|switch|p1a: Landorus|Landorus-Therian, M|100/100|[from] U-turn\n|-ability|p1a: Landorus|Intimidate|boost\n|-unboost|p2a: per my last turn|atk|1\n|move|p2a: per my last turn|Roost|p2a: per my last turn\n|-heal|p2a: per my last turn|100/100\n|-singleturn|p2a: per my last turn|move: Roost\n|\n|upkeep\n|turn|17\n|\n|t:|1788279069\n|switch|p2a: nothing new there|Gliscor, M, tera:Dark|51/100 tox\n|move|p1a: Landorus|Stealth Rock|p2a: nothing new there\n|-sidestart|p2: Mr Tpen|move: Stealth Rock\n|\n|-heal|p2a: nothing new there|63/100 tox|[from] ability: Poison Heal\n|upkeep\n|turn|18\n|\n|t:|1788279073\n|move|p2a: nothing new there|Protect|p2a: nothing new there\n|-singleturn|p2a: nothing new there|Protect\n|move|p1a: Landorus|Earthquake|p2a: nothing new there\n|-activate|p2a: nothing new there|move: Protect\n|\n|-heal|p2a: nothing new there|76/100 tox|[from] ability: Poison Heal\n|upkeep\n|turn|19\n|\n|t:|1788279076\n|move|p2a: nothing new there|Toxic|p1a: Landorus\n|-status|p1a: Landorus|tox\n|move|p1a: Landorus|Earthquake|p2a: nothing new there\n|-damage|p2a: nothing new there|26/100 tox\n|\n|-heal|p2a: nothing new there|39/100 tox|[from] ability: Poison Heal\n|-damage|p1a: Landorus|95/100 tox|[from] psn\n|upkeep\n|turn|20\n|\n|t:|1788279079\n|switch|p1a: Primarina|Primarina, F, tera:Poison|2/100\n|move|p2a: nothing new there|Protect||[still]\n|-fail|p2a: nothing new there\n|\n|-heal|p2a: nothing new there|51/100 tox|[from] ability: Poison Heal\n|upkeep\n|turn|21\n|\n|t:|1788279082\n|move|p2a: nothing new there|Knock Off|p1a: Primarina\n|-damage|p1a: Primarina|0 fnt\n|-enditem|p1a: Primarina|Assault Vest|[from] move: Knock Off|[of] p2a: nothing new there\n|faint|p1a: Primarina\n|\n|-heal|p2a: nothing new there|64/100 tox|[from] ability: Poison Heal\n|upkeep\n|\n|t:|1788279090\n|switch|p1a: Corviknight|Corviknight, F|100/100\n|-ability|p1a: Corviknight|Pressure\n|turn|22\n|\n|t:|1788279093\n|move|p2a: nothing new there|Knock Off|p1a: Corviknight\n|-damage|p1a: Corviknight|82/100\n|-damage|p2a: nothing new there|47/100 tox|[from] item: Rocky Helmet|[of] p1a: Corviknight\n|-enditem|p1a: Corviknight|Rocky Helmet|[from] move: Knock Off|[of] p2a: nothing new there\n|move|p1a: Corviknight|Brave Bird|p2a: nothing new there\n|-damage|p2a: nothing new there|20/100 tox\n|-damage|p1a: Corviknight|75/100|[from] Recoil\n|\n|-heal|p2a: nothing new there|33/100 tox|[from] ability: Poison Heal\n|upkeep\n|turn|23\n|\n|t:|1788279095\n|move|p2a: nothing new there|Protect|p2a: nothing new there\n|-singleturn|p2a: nothing new there|Protect\n|move|p1a: Corviknight|Brave Bird|p2a: nothing new there\n|-activate|p2a: nothing new there|move: Protect\n|\n|-heal|p2a: nothing new there|45/100 tox|[from] ability: Poison Heal\n|upkeep\n|turn|24\n|\n|t:|1788279098\n|move|p2a: nothing new there|Substitute|p2a: nothing new there\n|-start|p2a: nothing new there|Substitute\n|-damage|p2a: nothing new there|20/100 tox\n|move|p1a: Corviknight|Brave Bird|p2a: nothing new there\n|-end|p2a: nothing new there|Substitute\n|-damage|p1a: Corviknight|67/100|[from] Recoil\n|\n|-heal|p2a: nothing new there|33/100 tox|[from] ability: Poison Heal\n|upkeep\n|turn|25\n|\n|t:|1788279102\n|switch|p2a: love this for you|Clefable, M|100/100\n|move|p1a: Corviknight|Brave Bird|p2a: love this for you\n|-damage|p2a: love this for you|73/100\n|-damage|p1a: Corviknight|58/100|[from] Recoil\n|\n|-damage|p1a: Corviknight|46/100|[from] item: Sticky Barb\n|upkeep\n|turn|26\n|\n|t:|1788279106\n|move|p1a: Corviknight|Roost|p1a: Corviknight\n|-heal|p1a: Corviknight|96/100\n|-singleturn|p1a: Corviknight|move: Roost\n|move|p2a: love this for you|Stealth Rock|p1a: Corviknight\n|-sidestart|p1: Syushi|move: Stealth Rock\n|\n|-damage|p1a: Corviknight|84/100|[from] item: Sticky Barb\n|upkeep\n|turn|27\n|\n|t:|1788279110\n|move|p1a: Corviknight|Defog|p2a: love this for you\n|-unboost|p2a: love this for you|evasion|1\n|-sideend|p2: Mr Tpen|Stealth Rock|[from] move: Defog|[of] p1a: Corviknight\n|-sideend|p1: Syushi|Stealth Rock|[from] move: Defog|[of] p1a: Corviknight\n|move|p2a: love this for you|Moonlight|p2a: love this for you\n|-heal|p2a: love this for you|100/100\n|\n|-damage|p1a: Corviknight|72/100|[from] item: Sticky Barb\n|upkeep\n|turn|28\n|\n|t:|1788279112\n|move|p1a: Corviknight|U-turn|p2a: love this for you\n|-resisted|p2a: love this for you\n|-damage|p2a: love this for you|95/100\n|\n|t:|1788279115\n|switch|p1a: Darkrai|Darkrai|82/100 tox|[from] U-turn\n|move|p2a: love this for you|Stealth Rock|p1a: Darkrai\n|-sidestart|p1: Syushi|move: Stealth Rock\n|\n|-damage|p1a: Darkrai|76/100 tox|[from] psn\n|upkeep\n|turn|29\n|\n|t:|1788279120\n|switch|p2a: per my last turn|Corviknight, F|100/100\n|-ability|p2a: per my last turn|Pressure\n|move|p1a: Darkrai|Trick|p2a: per my last turn\n|-activate|p1a: Darkrai|move: Trick|[of] p2a: per my last turn\n|-item|p2a: per my last turn|Choice Specs|[from] move: Trick\n|-item|p1a: Darkrai|Leftovers|[from] move: Trick\n|\n|-heal|p1a: Darkrai|82/100 tox|[from] item: Leftovers\n|-damage|p1a: Darkrai|70/100 tox|[from] psn\n|upkeep\n|turn|30\n|\n|t:|1788279127\n|switch|p1a: Corviknight|Corviknight, F|72/100\n|-damage|p1a: Corviknight|59/100|[from] Stealth Rock\n|-ability|p1a: Corviknight|Pressure\n|move|p2a: per my last turn|Brave Bird|p1a: Corviknight\n|-resisted|p1a: Corviknight\n|-crit|p1a: Corviknight\n|-damage|p1a: Corviknight|43/100\n|-damage|p2a: per my last turn|95/100|[from] Recoil\n|\n|-damage|p1a: Corviknight|31/100|[from] item: Sticky Barb\n|upkeep\n|turn|31\n|\n|t:|1788279132\n|switch|p2a: love this for you|Clefable, M|95/100\n|move|p1a: Corviknight|Roost|p1a: Corviknight\n|-heal|p1a: Corviknight|81/100\n|-singleturn|p1a: Corviknight|move: Roost\n|\n|-damage|p1a: Corviknight|68/100|[from] item: Sticky Barb\n|upkeep\n|turn|32\n|\n|t:|1788279135\n|move|p1a: Corviknight|Defog|p2a: love this for you\n|-unboost|p2a: love this for you|evasion|1\n|-sideend|p1: Syushi|Stealth Rock|[from] move: Defog|[of] p1a: Corviknight\n|move|p2a: love this for you|Moonblast|p1a: Corviknight\n|-resisted|p1a: Corviknight\n|-damage|p1a: Corviknight|53/100\n|\n|-damage|p1a: Corviknight|41/100|[from] item: Sticky Barb\n|upkeep\n|turn|33\n|\n|t:|1788279138\n|move|p1a: Corviknight|U-turn|p2a: love this for you\n|-resisted|p2a: love this for you\n|-damage|p2a: love this for you|89/100\n|\n|t:|1788279139\n|switch|p1a: Darkrai|Darkrai|70/100 tox|[from] U-turn\n|move|p2a: love this for you|Stealth Rock|p1a: Darkrai\n|-sidestart|p1: Syushi|move: Stealth Rock\n|\n|-heal|p1a: Darkrai|76/100 tox|[from] item: Leftovers\n|-damage|p1a: Darkrai|70/100 tox|[from] psn\n|upkeep\n|turn|34\n|\n|t:|1788279144\n|switch|p2a: per my last turn|Corviknight, F|95/100\n|-ability|p2a: per my last turn|Pressure\n|move|p1a: Darkrai|Dark Pulse|p2a: per my last turn\n|-damage|p2a: per my last turn|66/100\n|\n|-heal|p1a: Darkrai|76/100 tox|[from] item: Leftovers\n|-damage|p1a: Darkrai|64/100 tox|[from] psn\n|upkeep\n|turn|35\n|\n|t:|1788279149\n|switch|p1a: Corviknight|Corviknight, F|41/100\n|-damage|p1a: Corviknight|29/100|[from] Stealth Rock\n|-ability|p1a: Corviknight|Pressure\n|move|p2a: per my last turn|Roost|p2a: per my last turn\n|-heal|p2a: per my last turn|100/100\n|-singleturn|p2a: per my last turn|move: Roost\n|\n|-damage|p1a: Corviknight|16/100|[from] item: Sticky Barb\n|upkeep\n|turn|36\n|\n|t:|1788279151\n|switch|p2a: love this for you|Clefable, M|89/100\n|move|p1a: Corviknight|Roost|p1a: Corviknight\n|-heal|p1a: Corviknight|66/100\n|-singleturn|p1a: Corviknight|move: Roost\n|\n|-damage|p1a: Corviknight|54/100|[from] item: Sticky Barb\n|upkeep\n|turn|37\n|\n|t:|1788279155\n|move|p1a: Corviknight|Defog|p2a: love this for you\n|-unboost|p2a: love this for you|evasion|1\n|-sideend|p1: Syushi|Stealth Rock|[from] move: Defog|[of] p1a: Corviknight\n|move|p2a: love this for you|Stealth Rock|p1a: Corviknight\n|-sidestart|p1: Syushi|move: Stealth Rock\n|\n|-damage|p1a: Corviknight|42/100|[from] item: Sticky Barb\n|upkeep\n|turn|38\n|\n|t:|1788279158\n|move|p1a: Corviknight|Defog|p2a: love this for you\n|-unboost|p2a: love this for you|evasion|1\n|-sideend|p1: Syushi|Stealth Rock|[from] move: Defog|[of] p1a: Corviknight\n|move|p2a: love this for you|Moonblast|p1a: Corviknight\n|-resisted|p1a: Corviknight\n|-damage|p1a: Corviknight|27/100\n|\n|-damage|p1a: Corviknight|15/100|[from] item: Sticky Barb\n|upkeep\n|turn|39\n|\n|t:|1788279161\n|move|p1a: Corviknight|Roost|p1a: Corviknight\n|-heal|p1a: Corviknight|65/100\n|-singleturn|p1a: Corviknight|move: Roost\n|move|p2a: love this for you|Stealth Rock|p1a: Corviknight\n|-sidestart|p1: Syushi|move: Stealth Rock\n|\n|-damage|p1a: Corviknight|52/100|[from] item: Sticky Barb\n|upkeep\n|turn|40\n|\n|t:|1788279164\n|move|p1a: Corviknight|Roost|p1a: Corviknight\n|-heal|p1a: Corviknight|100/100\n|-singleturn|p1a: Corviknight|move: Roost\n|move|p2a: love this for you|Moonblast|p1a: Corviknight\n|-resisted|p1a: Corviknight\n|-damage|p1a: Corviknight|84/100\n|\n|-damage|p1a: Corviknight|72/100|[from] item: Sticky Barb\n|upkeep\n|turn|41\n|\n|t:|1788279166\n|move|p1a: Corviknight|Defog|p2a: love this for you\n|-unboost|p2a: love this for you|evasion|1\n|-sideend|p1: Syushi|Stealth Rock|[from] move: Defog|[of] p1a: Corviknight\n|move|p2a: love this for you|Moonblast|p1a: Corviknight\n|-resisted|p1a: Corviknight\n|-damage|p1a: Corviknight|58/100\n|\n|-damage|p1a: Corviknight|45/100|[from] item: Sticky Barb\n|upkeep\n|turn|42\n|\n|t:|1788279170\n|switch|p1a: Ogerpon|Ogerpon-Cornerstone, F|100/100\n|move|p2a: love this for you|Moonblast|p1a: Ogerpon\n|-damage|p1a: Ogerpon|66/100\n|-unboost|p1a: Ogerpon|spa|1\n|\n|upkeep\n|turn|43\n|\n|t:|1788279178\n|move|p1a: Ogerpon|Swords Dance|p1a: Ogerpon\n|-boost|p1a: Ogerpon|atk|2\n|move|p2a: love this for you|Stealth Rock|p1a: Ogerpon\n|-sidestart|p1: Syushi|move: Stealth Rock\n|\n|upkeep\n|turn|44\n|\n|t:|1788279180\n|move|p1a: Ogerpon|Ivy Cudgel|p2a: love this for you|[anim] Ivy Cudgel Rock\n|-damage|p2a: love this for you|0 fnt\n|faint|p2a: love this for you\n|\n|upkeep\n|\n|t:|1788279183\n|switch|p2a: keep trying|Dondozo, M|100/100\n|turn|45\n|\n|t:|1788279186\n|move|p1a: Ogerpon|Horn Leech|p2a: keep trying\n|-supereffective|p2a: keep trying\n|-damage|p2a: keep trying|63/100\n|-heal|p1a: Ogerpon|98/100|[from] drain|[of] p2a: keep trying\n|move|p2a: keep trying|Curse|p2a: keep trying\n|-unboost|p2a: keep trying|spe|1\n|-boost|p2a: keep trying|atk|1\n|-boost|p2a: keep trying|def|1\n|\n|-heal|p2a: keep trying|69/100|[from] item: Leftovers\n|upkeep\n|turn|46\n|\n|t:|1788279202\n|move|p1a: Ogerpon|Horn Leech|p2a: keep trying\n|-supereffective|p2a: keep trying\n|-damage|p2a: keep trying|41/100\n|-heal|p1a: Ogerpon|100/100|[from] drain|[of] p2a: keep trying\n|move|p2a: keep trying|Crunch|p1a: Ogerpon\n|-damage|p1a: Ogerpon|67/100\n|\n|-heal|p2a: keep trying|47/100|[from] item: Leftovers\n|upkeep\n|turn|47\n|\n|t:|1788279206\n|move|p1a: Ogerpon|Horn Leech|p2a: keep trying\n|-supereffective|p2a: keep trying\n|-damage|p2a: keep trying|19/100\n|-heal|p1a: Ogerpon|90/100|[from] drain|[of] p2a: keep trying\n|move|p2a: keep trying|Rest|p2a: keep trying\n|-status|p2a: keep trying|slp|[from] move: Rest\n|-heal|p2a: keep trying|100/100 slp|[silent]\n|\n|upkeep\n|turn|48\n|\n|t:|1788279209\n|move|p1a: Ogerpon|Horn Leech|p2a: keep trying\n|-supereffective|p2a: keep trying\n|-damage|p2a: keep trying|75/100 slp\n|-heal|p1a: Ogerpon|100/100|[from] drain|[of] p2a: keep trying\n|cant|p2a: keep trying|slp\n|move|p2a: keep trying|Sleep Talk|p2a: keep trying\n|move|p2a: keep trying|Rest||[from] move: Sleep Talk|[still]\n|-fail|p2a: keep trying\n|\n|-heal|p2a: keep trying|81/100 slp|[from] item: Leftovers\n|upkeep\n|turn|49\n|\n|t:|1788279212\n|move|p1a: Ogerpon|Horn Leech|p2a: keep trying\n|-supereffective|p2a: keep trying\n|-damage|p2a: keep trying|53/100 slp\n|cant|p2a: keep trying|slp\n|move|p2a: keep trying|Sleep Talk|p2a: keep trying\n|move|p2a: keep trying|Rest||[from] move: Sleep Talk|[still]\n|-fail|p2a: keep trying\n|\n|-heal|p2a: keep trying|60/100 slp|[from] item: Leftovers\n|upkeep\n|turn|50\n|\n|t:|1788279216\n|move|p1a: Ogerpon|Horn Leech|p2a: keep trying\n|-supereffective|p2a: keep trying\n|-damage|p2a: keep trying|32/100 slp\n|-curestatus|p2a: keep trying|slp|[msg]\n|move|p2a: keep trying|Crunch|p1a: Ogerpon\n|-crit|p1a: Ogerpon\n|-damage|p1a: Ogerpon|44/100\n|\n|-heal|p2a: keep trying|38/100|[from] item: Leftovers\n|upkeep\n|turn|51\n|\n|t:|1788279219\n|move|p1a: Ogerpon|Horn Leech|p2a: keep trying\n|-supereffective|p2a: keep trying\n|-damage|p2a: keep trying|10/100\n|-heal|p1a: Ogerpon|67/100|[from] drain|[of] p2a: keep trying\n|move|p2a: keep trying|Rest|p2a: keep trying\n|-status|p2a: keep trying|slp|[from] move: Rest\n|-heal|p2a: keep trying|100/100 slp|[silent]\n|\n|upkeep\n|turn|52\n|\n|t:|1788279222\n|move|p1a: Ogerpon|Horn Leech|p2a: keep trying\n|-supereffective|p2a: keep trying\n|-crit|p2a: keep trying\n|-damage|p2a: keep trying|40/100 slp\n|-heal|p1a: Ogerpon|100/100|[from] drain|[of] p2a: keep trying\n|cant|p2a: keep trying|slp\n|move|p2a: keep trying|Sleep Talk|p2a: keep trying\n|move|p2a: keep trying|Crunch|p1a: Ogerpon|[from] move: Sleep Talk\n|-damage|p1a: Ogerpon|66/100\n|\n|-heal|p2a: keep trying|47/100 slp|[from] item: Leftovers\n|upkeep\n|turn|53\n|\n|t:|1788279231\n|move|p1a: Ogerpon|Horn Leech|p2a: keep trying\n|-supereffective|p2a: keep trying\n|-damage|p2a: keep trying|20/100 slp\n|-heal|p1a: Ogerpon|88/100|[from] drain|[of] p2a: keep trying\n|cant|p2a: keep trying|slp\n|move|p2a: keep trying|Sleep Talk|p2a: keep trying\n|move|p2a: keep trying|Curse|p2a: keep trying|[from] move: Sleep Talk\n|-unboost|p2a: keep trying|spe|1\n|-boost|p2a: keep trying|atk|1\n|-boost|p2a: keep trying|def|1\n|\n|-heal|p2a: keep trying|27/100 slp|[from] item: Leftovers\n|upkeep\n|turn|54\n|\n|t:|1788279234\n|move|p1a: Ogerpon|Horn Leech|p2a: keep trying\n|-supereffective|p2a: keep trying\n|-damage|p2a: keep trying|6/100 slp\n|-heal|p1a: Ogerpon|100/100|[from] drain|[of] p2a: keep trying\n|-curestatus|p2a: keep trying|slp|[msg]\n|move|p2a: keep trying|Rest|p2a: keep trying\n|-status|p2a: keep trying|slp|[from] move: Rest\n|-heal|p2a: keep trying|100/100 slp|[silent]\n|\n|upkeep\n|turn|55\n|\n|t:|1788279243\n|switch|p1a: Raging Bolt|Raging Bolt|100/100\n|-damage|p1a: Raging Bolt|88/100|[from] Stealth Rock\n|cant|p2a: keep trying|slp\n|move|p2a: keep trying|Sleep Talk|p2a: keep trying\n|move|p2a: keep trying|Rest||[from] move: Sleep Talk|[still]\n|-fail|p2a: keep trying\n|\n|-heal|p1a: Raging Bolt|94/100|[from] item: Leftovers\n|upkeep\n|turn|56\n|\n|t:|1788279249\n|switch|p2a: did you calc that?|Clodsire, F|100/100\n|move|p1a: Raging Bolt|Dragon Pulse|p2a: did you calc that?\n|-damage|p2a: did you calc that?|72/100\n|\n|-heal|p1a: Raging Bolt|100/100|[from] item: Leftovers\n|upkeep\n|turn|57\n|\n|t:|1788279252\n|-end|p1a: Raging Bolt|Protosynthesis|[silent]\n|switch|p1a: Corviknight|Corviknight, F|45/100\n|-damage|p1a: Corviknight|33/100|[from] Stealth Rock\n|-ability|p1a: Corviknight|Pressure\n|move|p2a: did you calc that?|Recover|p2a: did you calc that?\n|-heal|p2a: did you calc that?|100/100\n|\n|-damage|p1a: Corviknight|21/100|[from] item: Sticky Barb\n|upkeep\n|turn|58\n|\n|t:|1788279255\n|move|p1a: Corviknight|Roost|p1a: Corviknight\n|-heal|p1a: Corviknight|71/100\n|-singleturn|p1a: Corviknight|move: Roost\n|move|p2a: did you calc that?|Spikes|p1a: Corviknight\n|-sidestart|p1: Syushi|Spikes\n|\n|-damage|p1a: Corviknight|59/100|[from] item: Sticky Barb\n|upkeep\n|turn|59\n|\n|t:|1788279258\n|move|p1a: Corviknight|Defog|p2a: did you calc that?\n|-unboost|p2a: did you calc that?|evasion|1\n|-sideend|p1: Syushi|Spikes|[from] move: Defog|[of] p1a: Corviknight\n|-sideend|p1: Syushi|Stealth Rock|[from] move: Defog|[of] p1a: Corviknight\n|move|p2a: did you calc that?|Spikes|p1a: Corviknight\n|-sidestart|p1: Syushi|Spikes\n|\n|-damage|p1a: Corviknight|46/100|[from] item: Sticky Barb\n|upkeep\n|turn|60\n|\n|t:|1788279262\n|move|p1a: Corviknight|Brave Bird|p2a: did you calc that?\n|-damage|p2a: did you calc that?|64/100\n|-damage|p1a: Corviknight|32/100|[from] Recoil\n|move|p2a: did you calc that?|Earthquake|p1a: Corviknight\n|-immune|p1a: Corviknight\n|\n|-damage|p1a: Corviknight|20/100|[from] item: Sticky Barb\n|upkeep\n|turn|61\n|\n|t:|1788279264\n|move|p1a: Corviknight|Roost|p1a: Corviknight\n|-heal|p1a: Corviknight|70/100\n|-singleturn|p1a: Corviknight|move: Roost\n|move|p2a: did you calc that?|Recover|p2a: did you calc that?\n|-heal|p2a: did you calc that?|100/100\n|\n|-damage|p1a: Corviknight|58/100|[from] item: Sticky Barb\n|upkeep\n|turn|62\n|\n|t:|1788279268\n|switch|p1a: Landorus|Landorus-Therian, M|95/100 tox\n|-ability|p1a: Landorus|Intimidate|boost\n|-unboost|p2a: did you calc that?|atk|1\n|move|p2a: did you calc that?|Spikes|p1a: Landorus\n|-sidestart|p1: Syushi|Spikes\n|\n|-damage|p1a: Landorus|89/100 tox|[from] psn\n|upkeep\n|turn|63\n|\n|t:|1788279272\n|switch|p2a: per my last turn|Corviknight, F|100/100\n|-ability|p2a: per my last turn|Pressure\n|move|p1a: Landorus|Stealth Rock|p2a: per my last turn\n|-sidestart|p2: Mr Tpen|move: Stealth Rock\n|\n|-damage|p1a: Landorus|77/100 tox|[from] psn\n|upkeep\n|turn|64\n|\n|t:|1788279278\n|switch|p1a: Raging Bolt|Raging Bolt|100/100\n|-damage|p1a: Raging Bolt|84/100|[from] Spikes\n|move|p2a: per my last turn|Brave Bird|p1a: Raging Bolt\n|-resisted|p1a: Raging Bolt\n|-damage|p1a: Raging Bolt|68/100\n|-damage|p2a: per my last turn|95/100|[from] Recoil\n|\n|-heal|p1a: Raging Bolt|74/100|[from] item: Leftovers\n|upkeep\n|turn|65\n|\n|t:|1788279282\n|switch|p2a: did you calc that?|Clodsire, F|100/100\n|move|p1a: Raging Bolt|Dragon Pulse|p2a: did you calc that?\n|-damage|p2a: did you calc that?|73/100\n|\n|-heal|p1a: Raging Bolt|80/100|[from] item: Leftovers\n|upkeep\n|turn|66\n|\n|t:|1788279289\n|-end|p1a: Raging Bolt|Protosynthesis|[silent]\n|switch|p1a: Corviknight|Corviknight, F|58/100\n|-ability|p1a: Corviknight|Pressure\n|move|p2a: did you calc that?|Spikes|p1a: Corviknight\n|-sidestart|p1: Syushi|Spikes\n|\n|-damage|p1a: Corviknight|46/100|[from] item: Sticky Barb\n|upkeep\n|turn|67\n|\n|t:|1788279297\n|move|p1a: Corviknight|Brave Bird|p2a: did you calc that?\n|-damage|p2a: did you calc that?|36/100\n|-damage|p1a: Corviknight|32/100|[from] Recoil\n|move|p2a: did you calc that?|Recover|p2a: did you calc that?\n|-heal|p2a: did you calc that?|86/100\n|\n|-damage|p1a: Corviknight|19/100|[from] item: Sticky Barb\n|upkeep\n|turn|68\n|\n|t:|1788279301\n|move|p1a: Corviknight|Defog|p2a: did you calc that?\n|-unboost|p2a: did you calc that?|evasion|1\n|-sideend|p2: Mr Tpen|Stealth Rock|[from] move: Defog|[of] p1a: Corviknight\n|-sideend|p1: Syushi|Spikes|[from] move: Defog|[of] p1a: Corviknight\n|move|p2a: did you calc that?|Recover|p2a: did you calc that?\n|-heal|p2a: did you calc that?|100/100\n|\n|-damage|p1a: Corviknight|7/100|[from] item: Sticky Barb\n|upkeep\n|turn|69\n|\n|t:|1788279303\n|move|p1a: Corviknight|Roost|p1a: Corviknight\n|-heal|p1a: Corviknight|57/100\n|-singleturn|p1a: Corviknight|move: Roost\n|move|p2a: did you calc that?|Spikes|p1a: Corviknight\n|-sidestart|p1: Syushi|Spikes\n|\n|-damage|p1a: Corviknight|45/100|[from] item: Sticky Barb\n|upkeep\n|turn|70\n|\n|t:|1788279306\n|switch|p1a: Darkrai|Darkrai|64/100 tox\n|-damage|p1a: Darkrai|52/100 tox|[from] Spikes\n|move|p2a: did you calc that?|Spikes|p1a: Darkrai\n|-sidestart|p1: Syushi|Spikes\n|\n|-heal|p1a: Darkrai|58/100 tox|[from] item: Leftovers\n|-damage|p1a: Darkrai|52/100 tox|[from] psn\n|upkeep\n|turn|71\n|\n|t:|1788279312\n|move|p1a: Darkrai|Ice Beam|p2a: did you calc that?\n|-supereffective|p2a: did you calc that?\n|-damage|p2a: did you calc that?|69/100\n|move|p2a: did you calc that?|Earthquake|p1a: Darkrai\n|-damage|p1a: Darkrai|17/100 tox\n|\n|-heal|p1a: Darkrai|23/100 tox|[from] item: Leftovers\n|-damage|p1a: Darkrai|11/100 tox|[from] psn\n|upkeep\n|turn|72\n|\n|t:|1788279315\n|move|p1a: Darkrai|Ice Beam|p2a: did you calc that?\n|-supereffective|p2a: did you calc that?\n|-damage|p2a: did you calc that?|34/100\n|move|p2a: did you calc that?|Recover|p2a: did you calc that?\n|-heal|p2a: did you calc that?|85/100\n|\n|-heal|p1a: Darkrai|17/100 tox|[from] item: Leftovers\n|-damage|p1a: Darkrai|0 fnt|[from] psn\n|faint|p1a: Darkrai\n|upkeep\n|\n|t:|1788279319\n|switch|p1a: Ogerpon|Ogerpon-Cornerstone, F|100/100\n|-damage|p1a: Ogerpon|84/100|[from] Spikes\n|turn|73\n|\n|t:|1788279323\n|switch|p2a: take your time|Toxapex, F|42/100\n|move|p1a: Ogerpon|Horn Leech|p2a: take your time\n|-damage|p2a: take your time|16/100\n|-heal|p1a: Ogerpon|97/100|[from] drain|[of] p2a: take your time\n|\n|-heal|p2a: take your time|23/100|[from] item: Leftovers\n|upkeep\n|turn|74\n|\n|t:|1788279326\n|move|p2a: take your time|Baneful Bunker|p2a: take your time\n|-singleturn|p2a: take your time|move: Protect\n|move|p1a: Ogerpon|Ivy Cudgel|p2a: take your time|[anim] Ivy Cudgel Rock\n|-activate|p2a: take your time|move: Protect\n|\n|-heal|p2a: take your time|29/100|[from] item: Leftovers\n|upkeep\n|turn|75\n|\n|t:|1788279329\n|switch|p2a: per my last turn|Corviknight, F|95/100\n|-ability|p2a: per my last turn|Pressure\n|move|p1a: Ogerpon|Ivy Cudgel|p2a: per my last turn|[anim] Ivy Cudgel Rock\n|-damage|p2a: per my last turn|49/100\n|\n|upkeep\n|turn|76\n|\n|t:|1788279331\n|move|p1a: Ogerpon|Ivy Cudgel|p2a: per my last turn|[anim] Ivy Cudgel Rock\n|-damage|p2a: per my last turn|0 fnt\n|faint|p2a: per my last turn\n|\n|upkeep\n|\n|t:|1788279333\n|switch|p2a: keep trying|Dondozo, M|100/100 slp\n|turn|77\n|\n|t:|1788279337\n|move|p1a: Ogerpon|Horn Leech|p2a: keep trying\n|-supereffective|p2a: keep trying\n|-damage|p2a: keep trying|61/100 slp\n|-heal|p1a: Ogerpon|100/100|[from] drain|[of] p2a: keep trying\n|cant|p2a: keep trying|slp\n|move|p2a: keep trying|Sleep Talk|p2a: keep trying\n|move|p2a: keep trying|Rest||[from] move: Sleep Talk|[still]\n|-fail|p2a: keep trying\n|\n|-heal|p2a: keep trying|67/100 slp|[from] item: Leftovers\n|upkeep\n|turn|78\n|\n|t:|1788279340\n|move|p1a: Ogerpon|Horn Leech|p2a: keep trying\n|-supereffective|p2a: keep trying\n|-damage|p2a: keep trying|29/100 slp\n|-curestatus|p2a: keep trying|slp|[msg]\n|move|p2a: keep trying|Curse|p2a: keep trying\n|-unboost|p2a: keep trying|spe|1\n|-boost|p2a: keep trying|atk|1\n|-boost|p2a: keep trying|def|1\n|\n|-heal|p2a: keep trying|35/100|[from] item: Leftovers\n|upkeep\n|turn|79\n|\n|t:|1788279349\n|move|p1a: Ogerpon|Ivy Cudgel|p2a: keep trying|[anim] Ivy Cudgel Rock\n|-damage|p2a: keep trying|16/100\n|move|p2a: keep trying|Rest|p2a: keep trying\n|-status|p2a: keep trying|slp|[from] move: Rest\n|-heal|p2a: keep trying|100/100 slp|[silent]\n|\n|upkeep\n|turn|80\n|\n|t:|1788279351\n|switch|p1a: Raging Bolt|Raging Bolt|80/100\n|-damage|p1a: Raging Bolt|63/100|[from] Spikes\n|cant|p2a: keep trying|slp\n|move|p2a: keep trying|Sleep Talk|p2a: keep trying\n|move|p2a: keep trying|Curse|p2a: keep trying|[from] move: Sleep Talk\n|-unboost|p2a: keep trying|spe|1\n|-boost|p2a: keep trying|atk|1\n|-boost|p2a: keep trying|def|1\n|\n|-heal|p1a: Raging Bolt|70/100|[from] item: Leftovers\n|upkeep\n|turn|81\n|\n|t:|1788279355\n|switch|p2a: did you calc that?|Clodsire, F|85/100\n|move|p1a: Raging Bolt|Dragon Pulse|p2a: did you calc that?\n|-damage|p2a: did you calc that?|57/100\n|\n|-heal|p1a: Raging Bolt|76/100|[from] item: Leftovers\n|upkeep\n|turn|82\n|\n|t:|1788279370\n|-end|p1a: Raging Bolt|Protosynthesis|[silent]\n|switch|p1a: Landorus|Landorus-Therian, M|77/100 tox\n|-ability|p1a: Landorus|Intimidate|boost\n|-unboost|p2a: did you calc that?|atk|1\n|move|p2a: did you calc that?|Recover|p2a: did you calc that?\n|-heal|p2a: did you calc that?|100/100\n|\n|-damage|p1a: Landorus|71/100 tox|[from] psn\n|upkeep\n|turn|83\n|\n|t:|1788279373\n|switch|p2a: nothing new there|Gliscor, M, tera:Dark|33/100 tox\n|move|p1a: Landorus|Stealth Rock|p2a: nothing new there\n|-sidestart|p2: Mr Tpen|move: Stealth Rock\n|\n|-heal|p2a: nothing new there|45/100 tox|[from] ability: Poison Heal\n|-damage|p1a: Landorus|59/100 tox|[from] psn\n|upkeep\n|turn|84\n|\n|t:|1788279377\n|move|p2a: nothing new there|Substitute|p2a: nothing new there\n|-start|p2a: nothing new there|Substitute\n|-damage|p2a: nothing new there|20/100 tox\n|move|p1a: Landorus|Earthquake|p2a: nothing new there\n|-end|p2a: nothing new there|Substitute\n|\n|-heal|p2a: nothing new there|33/100 tox|[from] ability: Poison Heal\n|-damage|p1a: Landorus|41/100 tox|[from] psn\n|upkeep\n|turn|85\n|\n|t:|1788279380\n|move|p2a: nothing new there|Protect|p2a: nothing new there\n|-singleturn|p2a: nothing new there|Protect\n|move|p1a: Landorus|U-turn|p2a: nothing new there\n|-activate|p2a: nothing new there|move: Protect\n|\n|-heal|p2a: nothing new there|45/100 tox|[from] ability: Poison Heal\n|-damage|p1a: Landorus|17/100 tox|[from] psn\n|upkeep\n|turn|86\n|\n|t:|1788279381\n|move|p2a: nothing new there|Substitute|p2a: nothing new there\n|-start|p2a: nothing new there|Substitute\n|-damage|p2a: nothing new there|20/100 tox\n|move|p1a: Landorus|U-turn|p2a: nothing new there\n|-supereffective|p2a: nothing new there\n|-end|p2a: nothing new there|Substitute\n|\n|t:|1788279389\n|switch|p1a: Ogerpon|Ogerpon-Cornerstone, F|100/100|[from] U-turn\n|-damage|p1a: Ogerpon|84/100|[from] Spikes\n|\n|-heal|p2a: nothing new there|33/100 tox|[from] ability: Poison Heal\n|upkeep\n|turn|87\n|\n|t:|1788279392\n|move|p2a: nothing new there|Protect|p2a: nothing new there\n|-singleturn|p2a: nothing new there|Protect\n|move|p1a: Ogerpon|Ivy Cudgel|p2a: nothing new there|[anim] Ivy Cudgel Rock\n|-activate|p2a: nothing new there|move: Protect\n|\n|-heal|p2a: nothing new there|45/100 tox|[from] ability: Poison Heal\n|upkeep\n|turn|88\n|\n|t:|1788279397\n|move|p1a: Ogerpon|Ivy Cudgel|p2a: nothing new there|[anim] Ivy Cudgel Rock\n|-damage|p2a: nothing new there|0 fnt\n|faint|p2a: nothing new there\n|\n|upkeep\n|\n|t:|1788279400\n|switch|p2a: take your time|Toxapex, F|62/100\n|-damage|p2a: take your time|50/100|[from] Stealth Rock\n|turn|89\n|\n|t:|1788279411\n|switch|p1a: Corviknight|Corviknight, F|45/100\n|-ability|p1a: Corviknight|Pressure\n|move|p2a: take your time|Recover|p2a: take your time\n|-heal|p2a: take your time|99/100\n|\n|-heal|p2a: take your time|100/100|[from] item: Leftovers\n|-damage|p1a: Corviknight|33/100|[from] item: Sticky Barb\n|upkeep\n|turn|90\n|\n|t:|1788279415\n|move|p1a: Corviknight|Defog|p2a: take your time\n|-unboost|p2a: take your time|evasion|1\n|-sideend|p2: Mr Tpen|Stealth Rock|[from] move: Defog|[of] p1a: Corviknight\n|-sideend|p1: Syushi|Spikes|[from] move: Defog|[of] p1a: Corviknight\n|move|p2a: take your time|Infestation|p1a: Corviknight\n|-resisted|p1a: Corviknight\n|-damage|p1a: Corviknight|32/100\n|-activate|p1a: Corviknight|move: Infestation|[of] p2a: take your time\n|\n|-damage|p1a: Corviknight|20/100|[from] move: Infestation|[partiallytrapped]\n|-damage|p1a: Corviknight|8/100|[from] item: Sticky Barb\n|upkeep\n|turn|91\n|\n|t:|1788279419\n|move|p2a: take your time|Baneful Bunker|p2a: take your time\n|-singleturn|p2a: take your time|move: Protect\n|move|p1a: Corviknight|U-turn|p2a: take your time\n|-activate|p2a: take your time|move: Protect\n|\n|-damage|p1a: Corviknight|0 fnt|[from] move: Infestation|[partiallytrapped]\n|faint|p1a: Corviknight\n|upkeep\n|\n|t:|1788279421\n|switch|p1a: Raging Bolt|Raging Bolt|76/100\n|turn|92\n|\n|t:|1788279430\n|move|p1a: Raging Bolt|Thunderbolt|p2a: take your time\n|-supereffective|p2a: take your time\n|-damage|p2a: take your time|17/100\n|move|p2a: take your time|Poison Jab|p1a: Raging Bolt\n|-damage|p1a: Raging Bolt|58/100\n|\n|-heal|p1a: Raging Bolt|64/100|[from] item: Leftovers\n|-heal|p2a: take your time|23/100|[from] item: Leftovers\n|upkeep\n|turn|93\n|\n|t:|1788279434\n|move|p2a: take your time|Baneful Bunker|p2a: take your time\n|-singleturn|p2a: take your time|move: Protect\n|move|p1a: Raging Bolt|Dragon Pulse|p2a: take your time\n|-activate|p2a: take your time|move: Protect\n|\n|-heal|p1a: Raging Bolt|70/100|[from] item: Leftovers\n|-heal|p2a: take your time|29/100|[from] item: Leftovers\n|upkeep\n|turn|94\n|\n|t:|1788279441\n|-end|p1a: Raging Bolt|Protosynthesis|[silent]\n|switch|p1a: Landorus|Landorus-Therian, M|17/100 tox\n|-ability|p1a: Landorus|Intimidate|boost\n|-unboost|p2a: take your time|atk|1\n|switch|p2a: did you calc that?|Clodsire, F|100/100\n|\n|-damage|p1a: Landorus|11/100 tox|[from] psn\n|upkeep\n|turn|95\n|\n|t:|1788279444\n|switch|p2a: take your time|Toxapex, F|63/100\n|move|p1a: Landorus|Earthquake|p2a: take your time\n|-supereffective|p2a: take your time\n|-damage|p2a: take your time|0 fnt\n|faint|p2a: take your time\n|\n|-damage|p1a: Landorus|0 fnt|[from] psn\n|faint|p1a: Landorus\n|upkeep\n|\n|t:|1788279450\n|switch|p1a: Ogerpon|Ogerpon-Cornerstone, F|84/100\n|switch|p2a: keep trying|Dondozo, M|100/100 slp\n|turn|96\n|\n|t:|1788279454\n|move|p1a: Ogerpon|Horn Leech|p2a: keep trying\n|-supereffective|p2a: keep trying\n|-damage|p2a: keep trying|60/100 slp\n|-heal|p1a: Ogerpon|100/100|[from] drain|[of] p2a: keep trying\n|cant|p2a: keep trying|slp\n|move|p2a: keep trying|Sleep Talk|p2a: keep trying\n|move|p2a: keep trying|Curse|p2a: keep trying|[from] move: Sleep Talk\n|-unboost|p2a: keep trying|spe|1\n|-boost|p2a: keep trying|atk|1\n|-boost|p2a: keep trying|def|1\n|\n|-heal|p2a: keep trying|66/100 slp|[from] item: Leftovers\n|upkeep\n|turn|97\n|\n|t:|1788279458\n|switch|p1a: Raging Bolt|Raging Bolt|70/100\n|-curestatus|p2a: keep trying|slp|[msg]\n|move|p2a: keep trying|Crunch|p1a: Raging Bolt\n|-crit|p1a: Raging Bolt\n|-damage|p1a: Raging Bolt|30/100\n|\n|-heal|p1a: Raging Bolt|36/100|[from] item: Leftovers\n|-heal|p2a: keep trying|72/100|[from] item: Leftovers\n|upkeep\n|turn|98\n|\n|t:|1788279461\n|switch|p2a: did you calc that?|Clodsire, F|100/100\n|move|p1a: Raging Bolt|Dragon Pulse|p2a: did you calc that?\n|-damage|p2a: did you calc that?|74/100\n|\n|-heal|p1a: Raging Bolt|42/100|[from] item: Leftovers\n|upkeep\n|turn|99\n|\n|t:|1788279468\n|-end|p1a: Raging Bolt|Protosynthesis|[silent]\n|switch|p1a: Ogerpon|Ogerpon-Cornerstone, F|100/100\n|move|p2a: did you calc that?|Spikes|p1a: Ogerpon\n|-sidestart|p1: Syushi|Spikes\n|\n|upkeep\n|turn|100\n|\n|t:|1788279472\n|switch|p2a: keep trying|Dondozo, M|72/100\n|move|p1a: Ogerpon|Ivy Cudgel|p2a: keep trying|[anim] Ivy Cudgel Rock\n|-crit|p2a: keep trying\n|-damage|p2a: keep trying|36/100\n|\n|-heal|p2a: keep trying|42/100|[from] item: Leftovers\n|upkeep\n|turn|101\n|\n|t:|1788279476\n|move|p1a: Ogerpon|Horn Leech|p2a: keep trying\n|-supereffective|p2a: keep trying\n|-damage|p2a: keep trying|1/100\n|move|p2a: keep trying|Rest|p2a: keep trying\n|-status|p2a: keep trying|slp|[from] move: Rest\n|-heal|p2a: keep trying|100/100 slp|[silent]\n|\n|upkeep\n|turn|102\n|\n|t:|1788279480\n|move|p1a: Ogerpon|Ivy Cudgel|p2a: keep trying|[anim] Ivy Cudgel Rock\n|-damage|p2a: keep trying|74/100 slp\n|cant|p2a: keep trying|slp\n|move|p2a: keep trying|Sleep Talk|p2a: keep trying\n|move|p2a: keep trying|Rest||[from] move: Sleep Talk|[still]\n|-fail|p2a: keep trying\n|\n|-heal|p2a: keep trying|80/100 slp|[from] item: Leftovers\n|upkeep\n|turn|103\n|\n|t:|1788279498\n|move|p1a: Ogerpon|Ivy Cudgel|p2a: keep trying|[anim] Ivy Cudgel Rock\n|-damage|p2a: keep trying|52/100 slp\n|cant|p2a: keep trying|slp\n|move|p2a: keep trying|Sleep Talk|p2a: keep trying\n|move|p2a: keep trying|Rest||[from] move: Sleep Talk|[still]\n|-fail|p2a: keep trying\n|\n|-heal|p2a: keep trying|59/100 slp|[from] item: Leftovers\n|upkeep\n|turn|104\n|\n|t:|1788279502\n|move|p1a: Ogerpon|Ivy Cudgel|p2a: keep trying|[anim] Ivy Cudgel Rock\n|-crit|p2a: keep trying\n|-damage|p2a: keep trying|20/100 slp\n|-curestatus|p2a: keep trying|slp|[msg]\n|move|p2a: keep trying|Curse|p2a: keep trying\n|-unboost|p2a: keep trying|spe|1\n|-boost|p2a: keep trying|atk|1\n|-boost|p2a: keep trying|def|1\n|\n|-heal|p2a: keep trying|27/100|[from] item: Leftovers\n|upkeep\n|turn|105\n|\n|t:|1788279509\n|move|p1a: Ogerpon|Horn Leech|p2a: keep trying\n|-supereffective|p2a: keep trying\n|-damage|p2a: keep trying|0 fnt\n|faint|p2a: keep trying\n|\n|upkeep\n|\n|t:|1788279514\n|switch|p2a: did you calc that?|Clodsire, F|74/100\n|turn|106\n|\n|t:|1788279521\n|move|p1a: Ogerpon|Ivy Cudgel|p2a: did you calc that?|[anim] Ivy Cudgel Rock\n|-resisted|p2a: did you calc that?\n|-damage|p2a: did you calc that?|43/100\n|move|p2a: did you calc that?|Poison Jab|p1a: Ogerpon\n|-damage|p1a: Ogerpon|73/100\n|\n|upkeep\n|turn|107\n|\n|t:|1788279523\n|move|p1a: Ogerpon|Ivy Cudgel|p2a: did you calc that?|[anim] Ivy Cudgel Rock\n|-resisted|p2a: did you calc that?\n|-damage|p2a: did you calc that?|9/100\n|move|p2a: did you calc that?|Recover|p2a: did you calc that?\n|-heal|p2a: did you calc that?|59/100\n|\n|upkeep\n|turn|108\n|\n|t:|1788279530\n|move|p1a: Ogerpon|Low Kick|p2a: did you calc that?\n|-resisted|p2a: did you calc that?\n|-damage|p2a: did you calc that?|35/100\n|move|p2a: did you calc that?|Recover|p2a: did you calc that?\n|-heal|p2a: did you calc that?|85/100\n|\n|upkeep\n|turn|109\n|\n|t:|1788279535\n|move|p1a: Ogerpon|Ivy Cudgel|p2a: did you calc that?|[anim] Ivy Cudgel Rock\n|-resisted|p2a: did you calc that?\n|-crit|p2a: did you calc that?\n|-damage|p2a: did you calc that?|33/100\n|move|p2a: did you calc that?|Poison Jab|p1a: Ogerpon\n|-damage|p1a: Ogerpon|44/100\n|\n|upkeep\n|turn|110\n|\n|t:|1788279538\n|move|p1a: Ogerpon|Low Kick|p2a: did you calc that?\n|-resisted|p2a: did you calc that?\n|-damage|p2a: did you calc that?|8/100\n|move|p2a: did you calc that?|Poison Jab|p1a: Ogerpon\n|-damage|p1a: Ogerpon|17/100\n|-status|p1a: Ogerpon|psn\n|\n|-damage|p1a: Ogerpon|4/100 psn|[from] psn\n|upkeep\n|turn|111\n|\n|t:|1788279541\n|move|p1a: Ogerpon|Low Kick|p2a: did you calc that?\n|-resisted|p2a: did you calc that?\n|-damage|p2a: did you calc that?|0 fnt\n|faint|p2a: did you calc that?\n|\n|win|Syushi\n|raw|Syushi's rating: 1653 &rarr; <strong>1681</strong><br />(+28 for winning)\n|raw|Mr Tpen's rating: 1801 &rarr; <strong>1773</strong><br />(-28 for losing)\n", "uploadtime": 1788279543, "views": "16", "formatid": "gen9ou", "rating": 1681, "private": 0, "password": null}