{"id": "gen9ou-2673868996", "format": "[Gen 9] OU", "players": ["prova77", "sicksniper"], "log": "|j|\u2606prova77\n|j|\u2606sicksniper\n|t:|1788270925\n|gametype|singles\n|player|p1|prova77|swimmerf-gen4dp|1530\n|player|p2|sicksniper|lyra|1510\n|gen|9\n|tier|[Gen 9] OU\n|rated|\n|rule|HP Percentage Mod: HP is shown in percentages\n|rule|Endless Battle Clause: Forcing endless battles is banned\n|rule|Species Clause: Limit one of each Pok\u00e9mon\n|rule|OHKO Clause: OHKO moves are banned\n|rule|Evasion Items Clause: Evasion items are banned\n|rule|Evasion Moves Clause: Evasion moves are banned\n|rule|Evasion Abilities Clause: Evasion abilities are banned\n|rule|Sleep Moves Clause: Sleep-inducing moves are banned\n|clearpoke\n|poke|p1|Ogerpon, F|\n|poke|p1|Zamazenta-*|\n|poke|p1|Alomomola, F|\n|poke|p1|Hatterene, F|\n|poke|p1|Iron Moth|\n|poke|p1|Great Tusk|\n|poke|p2|Ceruledge, F|\n|poke|p2|Great Tusk|\n|poke|p2|Zapdos|\n|poke|p2|Maushold|\n|poke|p2|Cresselia, F|\n|poke|p2|Hoopa-Unbound|\n|teampreview\n|inactive|Battle timer is ON: inactive players will automatically lose when time's up. (requested by prova77)\n|\n|t:|1788270950\n|teamsize|p1|6\n|teamsize|p2|6\n|start\n|switch|p1a: Ogerpon|Ogerpon, F|100/100\n|switch|p2a: Zapdos|Zapdos|100/100\n|turn|1\n|\n|t:|1788270958\n|move|p2a: Zapdos|Hurricane|p1a: Ogerpon\n|-supereffective|p1a: Ogerpon\n|-damage|p1a: Ogerpon|0 fnt\n|faint|p1a: Ogerpon\n|\n|upkeep\n|inactive|prova77 has 120 seconds left.\n|\n|t:|1788270993\n|switch|p1a: Iron Moth|Iron Moth|100/100\n|turn|2\n|\n|t:|1788271001\n|switch|p2a: Hoopa|Hoopa-Unbound|100/100\n|-terastallize|p1a: Iron Moth|Fire\n|move|p1a: Iron Moth|Overheat|p2a: Hoopa\n|-damage|p2a: Hoopa|46/100\n|-unboost|p1a: Iron Moth|spa|2\n|\n|upkeep\n|turn|3\n|\n|t:|1788271022\n|-end|p1a: Iron Moth|Quark Drive|[silent]\n|switch|p1a: Alomomola|Alomomola, F|100/100\n|move|p2a: Hoopa|Drain Punch|p1a: Alomomola\n|-damage|p1a: Alomomola|84/100\n|-heal|p2a: Hoopa|56/100|[from] drain|[of] p1a: Alomomola\n|\n|upkeep\n|turn|4\n|\n|t:|1788271034\n|switch|p2a: Zapdos|Zapdos|100/100\n|move|p1a: Alomomola|Flip Turn|p2a: Zapdos\n|-damage|p2a: Zapdos|83/100\n|\n|t:|1788271041\n|switch|p1a: Hatterene|Hatterene, F|100/100|[from] Flip Turn\n|\n|upkeep\n|turn|5\n|\n|t:|1788271052\n|move|p2a: Zapdos|Volt Switch|p1a: Hatterene\n|-damage|p1a: Hatterene|58/100\n|-enditem|p1a: Hatterene|Eject Button\n|\n|t:|1788271058\n|switch|p1a: Iron Moth|Iron Moth, tera:Fire|100/100\n|\n|upkeep\n|turn|6\n|\n|t:|1788271064\n|move|p2a: Zapdos|Volt Switch|p1a: Iron Moth\n|-damage|p1a: Iron Moth|58/100\n|\n|t:|1788271067\n|switch|p2a: Hoopa|Hoopa-Unbound|56/100|[from] Volt Switch\n|move|p1a: Iron Moth|Fiery Dance|p2a: Hoopa\n|-damage|p2a: Hoopa|23/100\n|-boost|p1a: Iron Moth|spa|1\n|\n|upkeep\n|turn|7\n|\n|t:|1788271079\n|move|p1a: Iron Moth|Fiery Dance|p2a: Hoopa\n|-crit|p2a: Hoopa\n|-damage|p2a: Hoopa|0 fnt\n|faint|p2a: Hoopa\n|\n|upkeep\n|\n|t:|1788271093\n|switch|p2a: Ceruledge|Ceruledge, F|100/100\n|turn|8\n|\n|t:|1788271109\n|-end|p1a: Iron Moth|Quark Drive|[silent]\n|switch|p1a: Alomomola|Alomomola, F|100/100\n|move|p2a: Ceruledge|Swords Dance|p2a: Ceruledge\n|-boost|p2a: Ceruledge|atk|2\n|\n|upkeep\n|turn|9\n|\n|t:|1788271119\n|move|p2a: Ceruledge|Swords Dance|p2a: Ceruledge\n|-boost|p2a: Ceruledge|atk|2\n|move|p1a: Alomomola|Flip Turn|p2a: Ceruledge\n|-supereffective|p2a: Ceruledge\n|-damage|p2a: Ceruledge|51/100\n|-ability|p2a: Ceruledge|Weak Armor|boost\n|-unboost|p2a: Ceruledge|def|1\n|-boost|p2a: Ceruledge|spe|2\n|\n|t:|1788271135\n|switch|p1a: Hatterene|Hatterene, F|58/100|[from] Flip Turn\n|\n|upkeep\n|turn|10\n|\n|t:|1788271144\n|move|p2a: Ceruledge|Bitter Blade|p1a: Hatterene\n|-damage|p1a: Hatterene|0 fnt\n|-heal|p2a: Ceruledge|82/100|[from] drain|[of] p1a: Hatterene\n|faint|p1a: Hatterene\n|\n|upkeep\n|\n|t:|1788271150\n|switch|p1a: Alomomola|Alomomola, F|100/100\n|turn|11\n|\n|t:|1788271174\n|move|p1a: Alomomola|Aqua Jet|p2a: Ceruledge\n|-supereffective|p2a: Ceruledge\n|-damage|p2a: Ceruledge|32/100\n|-ability|p2a: Ceruledge|Weak Armor|boost\n|-unboost|p2a: Ceruledge|def|1\n|-boost|p2a: Ceruledge|spe|2\n|move|p2a: Ceruledge|Close Combat|p1a: Alomomola\n|-damage|p1a: Alomomola|20/100\n|-unboost|p2a: Ceruledge|def|1\n|-unboost|p2a: Ceruledge|spd|1\n|\n|upkeep\n|turn|12\n|\n|t:|1788271184\n|move|p2a: Ceruledge|Shadow Sneak|p1a: Alomomola\n|-damage|p1a: Alomomola|0 fnt\n|faint|p1a: Alomomola\n|\n|upkeep\n|\n|t:|1788271199\n|switch|p1a: Zamazenta|Zamazenta|100/100\n|-ability|p1a: Zamazenta|Dauntless Shield|boost\n|-boost|p1a: Zamazenta|def|1\n|turn|13\n|\n|t:|1788271220\n|move|p2a: Ceruledge|Close Combat|p1a: Zamazenta\n|-damage|p1a: Zamazenta|30/100\n|-unboost|p2a: Ceruledge|def|1\n|-unboost|p2a: Ceruledge|spd|1\n|move|p1a: Zamazenta|Crunch|p2a: Ceruledge\n|-supereffective|p2a: Ceruledge\n|-crit|p2a: Ceruledge\n|-damage|p2a: Ceruledge|0 fnt\n|faint|p2a: Ceruledge\n|\n|-heal|p1a: Zamazenta|36/100|[from] item: Leftovers\n|upkeep\n|inactive|sicksniper has 120 seconds left.\n|\n|t:|1788271240\n|switch|p2a: Great Tusk|Great Tusk|100/100\n|turn|14\n|\n|t:|1788271246\n|move|p1a: Zamazenta|Iron Defense|p1a: Zamazenta\n|-boost|p1a: Zamazenta|def|2\n|move|p2a: Great Tusk|Rapid Spin|p1a: Zamazenta\n|-damage|p1a: Zamazenta|30/100\n|-boost|p2a: Great Tusk|spe|1\n|\n|-heal|p1a: Zamazenta|36/100|[from] item: Leftovers\n|upkeep\n|turn|15\n|\n|t:|1788271256\n|move|p2a: Great Tusk|Headlong Rush|p1a: Zamazenta\n|-damage|p1a: Zamazenta|18/100\n|-unboost|p2a: Great Tusk|def|1\n|-unboost|p2a: Great Tusk|spd|1\n|move|p1a: Zamazenta|Body Press|p2a: Great Tusk\n|-damage|p2a: Great Tusk|5/100\n|-damage|p1a: Zamazenta|1/100|[from] item: Rocky Helmet|[of] p2a: Great Tusk\n|\n|-heal|p1a: Zamazenta|7/100|[from] item: Leftovers\n|upkeep\n|turn|16\n|\n|t:|1788271274\n|move|p2a: Great Tusk|Headlong Rush|p1a: Zamazenta\n|-damage|p1a: Zamazenta|0 fnt\n|-unboost|p2a: Great Tusk|def|1\n|-unboost|p2a: Great Tusk|spd|1\n|faint|p1a: Zamazenta\n|\n|upkeep\n|\n|t:|1788271278\n|switch|p1a: Great Tusk|Great Tusk|100/100\n|turn|17\n|\n|t:|1788271302\n|move|p2a: Great Tusk|Headlong Rush|p1a: Great Tusk\n|-damage|p1a: Great Tusk|60/100\n|-unboost|p2a: Great Tusk|def|1\n|-unboost|p2a: Great Tusk|spd|1\n|move|p1a: Great Tusk|Rapid Spin|p2a: Great Tusk\n|-damage|p2a: Great Tusk|0 fnt\n|-boost|p1a: Great Tusk|spe|1\n|-damage|p1a: Great Tusk|44/100|[from] item: Rocky Helmet|[of] p2a: Great Tusk\n|faint|p2a: Great Tusk\n|-end|p2a: Great Tusk|Protosynthesis|[silent]\n|\n|upkeep\n|inactive|sicksniper has 120 seconds left.\n|\n|t:|1788271314\n|switch|p2a: Cresselia|Cresselia, F|100/100\n|turn|18\n|\n|t:|1788271317\n|-end|p1a: Great Tusk|Protosynthesis|[silent]\n|switch|p1a: Iron Moth|Iron Moth, tera:Fire|58/100\n|move|p2a: Cresselia|Calm Mind|p2a: Cresselia\n|-boost|p2a: Cresselia|spa|1\n|-boost|p2a: Cresselia|spd|1\n|\n|upkeep\n|turn|19\n|inactive|sicksniper has 120 seconds left.\n|\n|t:|1788271339\n|move|p1a: Iron Moth|Fiery Dance|p2a: Cresselia\n|-damage|p2a: Cresselia|59/100\n|move|p2a: Cresselia|Calm Mind|p2a: Cresselia\n|-boost|p2a: Cresselia|spa|1\n|-boost|p2a: Cresselia|spd|1\n|\n|upkeep\n|turn|20\n|inactive|sicksniper has 120 seconds left.\n|\n|t:|1788271351\n|move|p1a: Iron Moth|Fiery Dance|p2a: Cresselia\n|-damage|p2a: Cresselia|29/100\n|-boost|p1a: Iron Moth|spa|1\n|move|p2a: Cresselia|Moonlight|p2a: Cresselia\n|-heal|p2a: Cresselia|79/100\n|\n|upkeep\n|turn|21\n|\n|t:|1788271362\n|move|p1a: Iron Moth|Fiery Dance|p2a: Cresselia\n|-crit|p2a: Cresselia\n|-damage|p2a: Cresselia|0 fnt\n|-boost|p1a: Iron Moth|spa|1\n|faint|p2a: Cresselia\n|\n|upkeep\n|inactive|sicksniper has 120 seconds left.\n|\n|t:|1788271372\n|switch|p2a: Zapdos|Zapdos|83/100\n|turn|22\n|inactive|sicksniper has 120 seconds left.\n|inactive|sicksniper has 90 seconds left.\n|\n|t:|1788271424\n|-terastallize|p2a: Zapdos|Fire\n|move|p2a: Zapdos|Hurricane|p1a: Iron Moth|[miss]\n|-miss|p2a: Zapdos|p1a: Iron Moth\n|move|p1a: Iron Moth|Fiery Dance|p2a: Zapdos\n|-resisted|p2a: Zapdos\n|-damage|p2a: Zapdos|0 fnt\n|faint|p2a: Zapdos\n|\n|upkeep\n|\n|t:|1788271430\n|switch|p2a: Maushold|Maushold|100/100\n|turn|23\n|c|\u2606sicksniper|robbery\n|\n|t:|1788271437\n|move|p2a: Maushold|Population Bomb|p1a: Iron Moth\n|-damage|p1a: Iron Moth|38/100\n|-damage|p1a: Iron Moth|19/100\n|-crit|p1a: Iron Moth\n|-damage|p1a: Iron Moth|0 fnt\n|faint|p1a: Iron Moth\n|-end|p1a: Iron Moth|Quark Drive|[silent]\n|-hitcount|p1: Iron Moth|3\n|\n|upkeep\n|\n|t:|1788271442\n|switch|p1a: Great Tusk|Great Tusk|44/100\n|turn|24\n|\n|t:|1788271446\n|move|p2a: Maushold|Population Bomb|p1a: Great Tusk\n|-damage|p1a: Great Tusk|36/100\n|-damage|p1a: Great Tusk|28/100\n|-damage|p1a: Great Tusk|20/100\n|-damage|p1a: Great Tusk|12/100\n|-damage|p1a: Great Tusk|4/100\n|-damage|p1a: Great Tusk|0 fnt\n|faint|p1a: Great Tusk\n|-end|p1a: Great Tusk|Protosynthesis|[silent]\n|-hitcount|p1: Great Tusk|6\n|\n|win|sicksniper\n|raw|prova77's rating: 1530 &rarr; <strong>1509</strong><br />(-21 for losing)\n|raw|sicksniper's rating: 1510 &rarr; <strong>1531</strong><br />(+21 for winning)\n|l|\u2606sicksniper\n|player|p2|\n|l|\u2606prova77\n|player|p1|\n", "uploadtime": 1788271619, "views": "0", "formatid": "gen9ou", "rating": 1509, "private": 0, "password": null}