{"id": "gen9ou-2674075522", "format": "[Gen 9] OU", "players": ["potatototo", "sublimest tobias"], "log": "|j|\u2606potatototo\n|j|\u2606sublimest tobias\n|t:|1788295757\n|gametype|singles\n|player|p1|potatototo|1|1400\n|player|p2|sublimest tobias|theroyal|1332\n|gen|9\n|tier|[Gen 9] OU\n|rated|\n|rule|HP Percentage Mod: HP is shown in percentages\n|rule|Endless Battle Clause: Forcing endless battles is banned\n|rule|Species Clause: Limit one of each Pok\u00e9mon\n|rule|OHKO Clause: OHKO moves are banned\n|rule|Evasion Items Clause: Evasion items are banned\n|rule|Evasion Moves Clause: Evasion moves are banned\n|rule|Evasion Abilities Clause: Evasion abilities are banned\n|rule|Sleep Moves Clause: Sleep-inducing moves are banned\n|clearpoke\n|poke|p1|Latios, M|\n|poke|p1|Zapdos-Galar|\n|poke|p1|Chesnaught, F|\n|poke|p1|Slowking-Galar, M|\n|poke|p1|Lucario, M|\n|poke|p1|Zoroark-Hisui, F|\n|poke|p2|Dragapult, F|\n|poke|p2|Zamazenta-*|\n|poke|p2|Kingambit, M|\n|poke|p2|Ogerpon-Wellspring, F|\n|poke|p2|Iron Treads|\n|poke|p2|Zapdos|\n|teampreview\n|inactive|Battle timer is ON: inactive players will automatically lose when time's up. (requested by sublimest tobias)\n|inactive|sublimest tobias has 120 seconds left.\n|\n|t:|1788295811\n|teamsize|p1|6\n|teamsize|p2|6\n|start\n|switch|p1a: Latios|Latios, M|100/100\n|switch|p2a: Raijin|Zapdos, shiny|100/100\n|turn|1\n|inactive|potatototo has 120 seconds left.\n|\n|t:|1788295847\n|move|p1a: Latios|Draco Meteor|p2a: Raijin\n|-damage|p2a: Raijin|3/100\n|-unboost|p1a: Latios|spa|2\n|move|p2a: Raijin|Thunder Wave|p1a: Latios\n|-status|p1a: Latios|par\n|\n|upkeep\n|turn|2\n|inactive|potatototo has 120 seconds left.\n|\n|t:|1788295854\n|move|p2a: Raijin|Roost|p2a: Raijin\n|-heal|p2a: Raijin|54/100\n|-singleturn|p2a: Raijin|move: Roost\n|move|p1a: Latios|Draco Meteor|p2a: Raijin\n|-damage|p2a: Raijin|8/100\n|-unboost|p1a: Latios|spa|2\n|\n|upkeep\n|turn|3\n|\n|t:|1788295860\n|switch|p1a: Latios|Latios, M|100/100\n|move|p2a: Raijin|Roost|p2a: Raijin\n|-heal|p2a: Raijin|58/100\n|-singleturn|p2a: Raijin|move: Roost\n|\n|upkeep\n|turn|4\n|\n|t:|1788295871\n|move|p1a: Latios|Trick|p2a: Raijin\n|-activate|p1a: Latios|move: Trick|[of] p2a: Raijin\n|-item|p2a: Raijin|Choice Scarf|[from] move: Trick\n|-item|p1a: Latios|Heavy-Duty Boots|[from] move: Trick\n|move|p2a: Raijin|Roost|p2a: Raijin\n|-heal|p2a: Raijin|100/100\n|-singleturn|p2a: Raijin|move: Roost\n|\n|upkeep\n|turn|5\n|\n|t:|1788295882\n|switch|p2a: Amatsumara|Iron Treads|100/100\n|move|p1a: Latios|Flamethrower|p2a: Amatsumara\n|-supereffective|p2a: Amatsumara\n|-damage|p2a: Amatsumara|18/100\n|-status|p2a: Amatsumara|brn\n|\n|-heal|p2a: Amatsumara|24/100 brn|[from] item: Leftovers\n|-damage|p2a: Amatsumara|18/100 brn|[from] brn\n|upkeep\n|turn|6\n|\n|t:|1788295893\n|move|p1a: Latios|Shadow Ball|p2a: Amatsumara\n|-damage|p2a: Amatsumara|0 fnt\n|faint|p2a: Amatsumara\n|-end|p2a: Amatsumara|Quark Drive|[silent]\n|\n|upkeep\n|\n|t:|1788295896\n|switch|p2a: Seiry\u016b|Dragapult, F|100/100\n|turn|7\n|\n|t:|1788295901\n|move|p2a: Seiry\u016b|Flamethrower|p1a: Latios\n|-damage|p1a: Latios|21/100\n|replace|p1a: Zoroark|Zoroark-Hisui, F\n|-end|p1a: Zoroark|Illusion\n|move|p1a: Zoroark|Shadow Ball|p2a: Seiry\u016b\n|-supereffective|p2a: Seiry\u016b\n|-damage|p2a: Seiry\u016b|0 fnt\n|faint|p2a: Seiry\u016b\n|\n|upkeep\n|\n|t:|1788295905\n|switch|p2a: Raijin|Zapdos, shiny|100/100\n|turn|8\n|\n|t:|1788295909\n|switch|p1a: Latios|Latios, M|100/100 par\n|move|p2a: Raijin|Volt Switch|p1a: Latios\n|-resisted|p1a: Latios\n|-damage|p1a: Latios|86/100 par\n|\n|t:|1788295917\n|switch|p2a: Suijin|Ogerpon-Wellspring, F|100/100|[from] Volt Switch\n|\n|upkeep\n|turn|9\n|\n|t:|1788295921\n|move|p2a: Suijin|U-turn|p1a: Latios\n|-supereffective|p1a: Latios\n|-damage|p1a: Latios|5/100 par\n|\n|t:|1788295923\n|switch|p2a: Raijin|Zapdos, shiny|100/100|[from] U-turn\n|move|p1a: Latios|Draco Meteor|p2a: Raijin\n|-damage|p2a: Raijin|0 fnt\n|-unboost|p1a: Latios|spa|2\n|faint|p2a: Raijin\n|\n|upkeep\n|\n|t:|1788295931\n|switch|p2a: Hachiman|Zamazenta|100/100\n|-ability|p2a: Hachiman|Dauntless Shield|boost\n|-boost|p2a: Hachiman|def|1\n|turn|10\n|\n|t:|1788295935\n|move|p2a: Hachiman|Iron Defense|p2a: Hachiman\n|-boost|p2a: Hachiman|def|2\n|move|p1a: Latios|Draco Meteor|p2a: Hachiman\n|-damage|p2a: Hachiman|60/100\n|-unboost|p1a: Latios|spa|2\n|\n|-heal|p2a: Hachiman|66/100|[from] item: Leftovers\n|upkeep\n|turn|11\n|\n|t:|1788295939\n|move|p2a: Hachiman|Iron Defense|p2a: Hachiman\n|-boost|p2a: Hachiman|def|2\n|move|p1a: Latios|Draco Meteor|p2a: Hachiman\n|-damage|p2a: Hachiman|42/100\n|-unboost|p1a: Latios|spa|2\n|\n|-heal|p2a: Hachiman|48/100|[from] item: Leftovers\n|upkeep\n|turn|12\n|\n|t:|1788295942\n|move|p2a: Hachiman|Body Press|p1a: Latios\n|-resisted|p1a: Latios\n|-damage|p1a: Latios|0 fnt\n|faint|p1a: Latios\n|\n|-heal|p2a: Hachiman|54/100|[from] item: Leftovers\n|upkeep\n|\n|t:|1788295945\n|switch|p1a: Slowking|Slowking-Galar, M|100/100\n|turn|13\n|\n|t:|1788295949\n|move|p2a: Hachiman|Crunch|p1a: Slowking\n|-supereffective|p1a: Slowking\n|-damage|p1a: Slowking|54/100\n|move|p1a: Slowking|Sludge Bomb|p2a: Hachiman\n|-damage|p2a: Hachiman|19/100\n|-status|p2a: Hachiman|psn\n|\n|-heal|p2a: Hachiman|25/100 psn|[from] item: Leftovers\n|-damage|p2a: Hachiman|13/100 psn|[from] psn\n|upkeep\n|turn|14\n|\n|t:|1788295956\n|switch|p1a: Chesnaught|Chesnaught, F|100/100\n|move|p2a: Hachiman|Crunch|p1a: Chesnaught\n|-resisted|p1a: Chesnaught\n|-damage|p1a: Chesnaught|95/100\n|-damage|p2a: Hachiman|0 fnt|[from] item: Rocky Helmet|[of] p1a: Chesnaught\n|faint|p2a: Hachiman\n|\n|upkeep\n|\n|t:|1788295960\n|switch|p2a: Suijin|Ogerpon-Wellspring, F|100/100\n|turn|15\n|\n|t:|1788295971\n|switch|p1a: Chesnaught|Chesnaught, F|21/100\n|move|p2a: Suijin|Ivy Cudgel|p1a: Chesnaught|[anim] Ivy Cudgel Water\n|-damage|p1a: Chesnaught|0 fnt\n|replace|p1a: Zoroark|Zoroark-Hisui, F\n|-end|p1a: Zoroark|Illusion\n|faint|p1a: Zoroark\n|\n|upkeep\n|\n|t:|1788295979\n|switch|p1a: Zapdos|Zapdos-Galar|100/100\n|turn|16\n|\n|t:|1788295985\n|move|p2a: Suijin|Ivy Cudgel|p1a: Zapdos|[anim] Ivy Cudgel Water\n|-damage|p1a: Zapdos|37/100\n|move|p1a: Zapdos|Brave Bird|p2a: Suijin\n|-supereffective|p2a: Suijin\n|-damage|p2a: Suijin|0 fnt\n|faint|p2a: Suijin\n|-damage|p1a: Zapdos|6/100|[from] Recoil\n|\n|upkeep\n|\n|t:|1788295988\n|switch|p2a: Emperor Jimmu|Kingambit, M|100/100\n|-activate|p2a: Emperor Jimmu|ability: Supreme Overlord\n|-start|p2a: Emperor Jimmu|fallen5|[silent]\n|turn|17\n|\n|t:|1788295990\n|move|p2a: Emperor Jimmu|Sucker Punch|p1a: Zapdos\n|-resisted|p1a: Zapdos\n|-damage|p1a: Zapdos|0 fnt\n|faint|p1a: Zapdos\n|\n|upkeep\n|\n|t:|1788295992\n|switch|p1a: Lucario|Lucario, M|100/100\n|turn|18\n|\n|t:|1788295996\n|-terastallize|p2a: Emperor Jimmu|Flying\n|move|p1a: Lucario|Brick Break|p2a: Emperor Jimmu\n|-resisted|p2a: Emperor Jimmu\n|-damage|p2a: Emperor Jimmu|84/100\n|-damage|p1a: Lucario|91/100|[from] item: Life Orb\n|move|p2a: Emperor Jimmu|Swords Dance|p2a: Emperor Jimmu\n|-boost|p2a: Emperor Jimmu|atk|2\n|\n|-heal|p2a: Emperor Jimmu|91/100|[from] item: Leftovers\n|upkeep\n|turn|19\n|\n|t:|1788296005\n|move|p1a: Lucario|Extreme Speed|p2a: Emperor Jimmu\n|-damage|p2a: Emperor Jimmu|64/100\n|-damage|p1a: Lucario|81/100|[from] item: Life Orb\n|move|p2a: Emperor Jimmu|Kowtow Cleave|p1a: Lucario\n|-resisted|p1a: Lucario\n|-damage|p1a: Lucario|0 fnt\n|faint|p1a: Lucario\n|\n|-heal|p2a: Emperor Jimmu|70/100|[from] item: Leftovers\n|upkeep\n|\n|t:|1788296010\n|switch|p1a: Chesnaught|Chesnaught, F|95/100\n|turn|20\n|\n|t:|1788296013\n|move|p2a: Emperor Jimmu|Swords Dance|p2a: Emperor Jimmu\n|-boost|p2a: Emperor Jimmu|atk|2\n|move|p1a: Chesnaught|Leech Seed|p2a: Emperor Jimmu\n|-start|p2a: Emperor Jimmu|move: Leech Seed\n|\n|-heal|p2a: Emperor Jimmu|76/100|[from] item: Leftovers\n|-damage|p2a: Emperor Jimmu|64/100|[from] Leech Seed|[of] p1a: Chesnaught\n|-heal|p1a: Chesnaught|100/100|[silent]\n|upkeep\n|turn|21\n|\n|t:|1788296019\n|move|p2a: Emperor Jimmu|Swords Dance|p2a: Emperor Jimmu\n|-boost|p2a: Emperor Jimmu|atk|2\n|move|p1a: Chesnaught|Seed Bomb|p2a: Emperor Jimmu\n|-resisted|p2a: Emperor Jimmu\n|-damage|p2a: Emperor Jimmu|52/100\n|\n|-heal|p2a: Emperor Jimmu|58/100|[from] item: Leftovers\n|-damage|p2a: Emperor Jimmu|46/100|[from] Leech Seed|[of] p1a: Chesnaught\n|upkeep\n|turn|22\n|\n|t:|1788296020\n|move|p1a: Chesnaught|Spiky Shield|p1a: Chesnaught\n|-singleturn|p1a: Chesnaught|move: Protect\n|move|p2a: Emperor Jimmu|Iron Head|p1a: Chesnaught\n|-activate|p1a: Chesnaught|move: Protect\n|-damage|p2a: Emperor Jimmu|33/100|[from] Spiky Shield|[of] p1a: Chesnaught\n|\n|-heal|p2a: Emperor Jimmu|39/100|[from] item: Leftovers\n|-damage|p2a: Emperor Jimmu|27/100|[from] Leech Seed|[of] p1a: Chesnaught\n|upkeep\n|turn|23\n|\n|t:|1788296031\n|move|p2a: Emperor Jimmu|Iron Head|p1a: Chesnaught\n|-damage|p1a: Chesnaught|0 fnt\n|-damage|p2a: Emperor Jimmu|10/100|[from] item: Rocky Helmet|[of] p1a: Chesnaught\n|faint|p1a: Chesnaught\n|\n|-heal|p2a: Emperor Jimmu|17/100|[from] item: Leftovers\n|upkeep\n|\n|t:|1788296033\n|switch|p1a: Slowking|Slowking-Galar, M|88/100\n|turn|24\n|\n|t:|1788296037\n|-terastallize|p1a: Slowking|Poison\n|move|p2a: Emperor Jimmu|Kowtow Cleave|p1a: Slowking\n|-damage|p1a: Slowking|0 fnt\n|faint|p1a: Slowking\n|\n|win|sublimest tobias\n|raw|potatototo's rating: 1400 &rarr; <strong>1376</strong><br />(-24 for losing)\n|raw|sublimest tobias's rating: 1332 &rarr; <strong>1356</strong><br />(+24 for winning)\n|l|\u2606sublimest tobias\n|player|p2|\n|l|\u2606potatototo\n|player|p1|\n", "uploadtime": 1788296304, "views": "1", "formatid": "gen9ou", "rating": 1356, "private": 0, "password": null}