{"id": "gen9ou-2673866113", "format": "[Gen 9] OU", "players": ["doney.png", "ahjinniee"], "log": "|j|\u2606doney.png\n|j|\u2606ahjinniee\n|t:|1788270534\n|gametype|singles\n|player|p1|doney.png|iris-gen5bw2|1457\n|player|p2|ahjinniee|flint|1508\n|gen|9\n|tier|[Gen 9] OU\n|rated|\n|rule|HP Percentage Mod: HP is shown in percentages\n|rule|Endless Battle Clause: Forcing endless battles is banned\n|rule|Species Clause: Limit one of each Pok\u00e9mon\n|rule|OHKO Clause: OHKO moves are banned\n|rule|Evasion Items Clause: Evasion items are banned\n|rule|Evasion Moves Clause: Evasion moves are banned\n|rule|Evasion Abilities Clause: Evasion abilities are banned\n|rule|Sleep Moves Clause: Sleep-inducing moves are banned\n|clearpoke\n|poke|p1|Pelipper, F|\n|poke|p1|Raging Bolt|\n|poke|p1|Overqwil, M|\n|poke|p1|Barraskewda, F|\n|poke|p1|Iron Treads|\n|poke|p1|Kingambit, F|\n|poke|p2|Clefable, F|\n|poke|p2|Heatran, M|\n|poke|p2|Rillaboom, M|\n|poke|p2|Ogerpon-Wellspring, F|\n|poke|p2|Zapdos|\n|poke|p2|Great Tusk|\n|teampreview\n|\n|t:|1788270563\n|teamsize|p1|6\n|teamsize|p2|6\n|start\n|switch|p1a: Iron Treads|Iron Treads|100/100\n|switch|p2a: GAMER|Rillaboom, M|100/100\n|-fieldstart|move: Grassy Terrain|[from] ability: Grassy Surge|[of] p2a: GAMER\n|-enditem|p1a: Iron Treads|Booster Energy\n|-activate|p1a: Iron Treads|ability: Quark Drive|[fromitem]\n|-start|p1a: Iron Treads|quarkdrivespe\n|turn|1\n|\n|t:|1788270575\n|move|p1a: Iron Treads|Stealth Rock|p2a: GAMER\n|-sidestart|p2: ahjinniee|move: Stealth Rock\n|move|p2a: GAMER|Wood Hammer|p1a: Iron Treads\n|-damage|p1a: Iron Treads|0 fnt\n|faint|p1a: Iron Treads\n|-end|p1a: Iron Treads|Quark Drive|[silent]\n|-damage|p2a: GAMER|72/100|[from] Recoil\n|\n|-heal|p2a: GAMER|78/100|[from] Grassy Terrain\n|upkeep\n|\n|t:|1788270582\n|switch|p1a: Pelipper|Pelipper, F|100/100\n|-weather|RainDance|[from] ability: Drizzle|[of] p1a: Pelipper\n|turn|2\n|\n|t:|1788270591\n|switch|p2a: BICYCLE|Zapdos, shiny|100/100\n|move|p1a: Pelipper|Hurricane|p2a: BICYCLE\n|-resisted|p2a: BICYCLE\n|-damage|p2a: BICYCLE|83/100\n|\n|-weather|RainDance|[upkeep]\n|upkeep\n|turn|3\n|inactive|Battle timer is ON: inactive players will automatically lose when time's up. (requested by doney.png)\n|\n|t:|1788270607\n|switch|p1a: Raging Bolt|Raging Bolt|100/100\n|-enditem|p1a: Raging Bolt|Booster Energy\n|-activate|p1a: Raging Bolt|ability: Protosynthesis|[fromitem]\n|-start|p1a: Raging Bolt|protosynthesisspa\n|move|p2a: BICYCLE|Volt Switch|p1a: Raging Bolt\n|-resisted|p1a: Raging Bolt\n|-damage|p1a: Raging Bolt|94/100\n|\n|t:|1788270611\n|switch|p2a: BEST GIRL|Clefable, F|100/100|[from] Volt Switch\n|\n|-weather|RainDance|[upkeep]\n|-heal|p1a: Raging Bolt|99/100|[from] Grassy Terrain\n|upkeep\n|turn|4\n|\n|t:|1788270617\n|move|p1a: Raging Bolt|Thunder|p2a: BEST GIRL\n|-damage|p2a: BEST GIRL|18/100\n|move|p2a: BEST GIRL|Calm Mind|p2a: BEST GIRL\n|-boost|p2a: BEST GIRL|spa|1\n|-boost|p2a: BEST GIRL|spd|1\n|\n|-weather|RainDance|[upkeep]\n|-heal|p1a: Raging Bolt|100/100|[from] Grassy Terrain\n|-heal|p2a: BEST GIRL|24/100|[from] Grassy Terrain\n|-heal|p2a: BEST GIRL|30/100|[from] item: Leftovers\n|upkeep\n|turn|5\n|\n|t:|1788270637\n|switch|p2a: MOO|Great Tusk|100/100\n|-damage|p2a: MOO|97/100|[from] Stealth Rock\n|move|p1a: Raging Bolt|Weather Ball|p2a: MOO\n|-supereffective|p2a: MOO\n|-damage|p2a: MOO|0 fnt\n|faint|p2a: MOO\n|-end|p2a: MOO|Protosynthesis|[silent]\n|\n|-weather|RainDance|[upkeep]\n|-fieldend|move: Grassy Terrain\n|upkeep\n|\n|t:|1788270651\n|switch|p2a: CRAB|Heatran, M, shiny|100/100\n|-damage|p2a: CRAB|88/100|[from] Stealth Rock\n|turn|6\n|\n|t:|1788270655\n|move|p1a: Raging Bolt|Weather Ball|p2a: CRAB\n|-supereffective|p2a: CRAB\n|-damage|p2a: CRAB|0 fnt\n|faint|p2a: CRAB\n|\n|-weather|RainDance|[upkeep]\n|upkeep\n|\n|t:|1788270662\n|switch|p2a: GAMER|Rillaboom, M|78/100\n|-damage|p2a: GAMER|66/100|[from] Stealth Rock\n|-fieldstart|move: Grassy Terrain|[from] ability: Grassy Surge|[of] p2a: GAMER\n|turn|7\n|\n|t:|1788270666\n|-terastallize|p2a: GAMER|Grass\n|move|p2a: GAMER|Wood Hammer|p1a: Raging Bolt\n|-resisted|p1a: Raging Bolt\n|-damage|p1a: Raging Bolt|31/100\n|-damage|p2a: GAMER|40/100|[from] Recoil\n|move|p1a: Raging Bolt|Draco Meteor|p2a: GAMER\n|-damage|p2a: GAMER|0 fnt\n|-unboost|p1a: Raging Bolt|spa|2\n|faint|p2a: GAMER\n|\n|-weather|RainDance|[upkeep]\n|-heal|p1a: Raging Bolt|37/100|[from] Grassy Terrain\n|upkeep\n|-message|ahjinniee forfeited.\n|\n|win|doney.png\n|raw|doney.png's rating: 1457 &rarr; <strong>1480</strong><br />(+23 for winning)\n|raw|ahjinniee's rating: 1508 &rarr; <strong>1485</strong><br />(-23 for losing)\n|l|\u2606ahjinniee\n|player|p2|\n|c|\u2606doney.png|gg\n", "uploadtime": 1788270674, "views": "0", "formatid": "gen9ou", "rating": 1480, "private": 0, "password": null}