{"id": "gen9ou-2674069507", "format": "[Gen 9] OU", "players": ["mwharken", "kangarooteam1"], "log": "|j|\u2606mwharken\n|j|\u2606kangarooteam1\n|t:|1788294998\n|gametype|singles\n|player|p1|mwharken|steven|1506\n|player|p2|kangarooteam1|1|1665\n|gen|9\n|tier|[Gen 9] OU\n|rated|\n|rule|HP Percentage Mod: HP is shown in percentages\n|rule|Endless Battle Clause: Forcing endless battles is banned\n|rule|Species Clause: Limit one of each Pok\u00e9mon\n|rule|OHKO Clause: OHKO moves are banned\n|rule|Evasion Items Clause: Evasion items are banned\n|rule|Evasion Moves Clause: Evasion moves are banned\n|rule|Evasion Abilities Clause: Evasion abilities are banned\n|rule|Sleep Moves Clause: Sleep-inducing moves are banned\n|clearpoke\n|poke|p1|Muk-Alola, M|\n|poke|p1|Garganacl, M|\n|poke|p1|Moltres|\n|poke|p1|Gliscor, M|\n|poke|p1|Iron Treads|\n|poke|p1|Araquanid, F|\n|poke|p2|Great Tusk|\n|poke|p2|Gholdengo|\n|poke|p2|Raging Bolt|\n|poke|p2|Iron Valiant|\n|poke|p2|Ogerpon-Wellspring, F|\n|poke|p2|Kingambit, F|\n|teampreview\n|inactive|Battle timer is ON: inactive players will automatically lose when time's up. (requested by kangarooteam1)\n|\n|t:|1788295030\n|teamsize|p1|6\n|teamsize|p2|6\n|start\n|switch|p1a: Garganacl|Garganacl, M|100/100\n|switch|p2a: Kingambit|Kingambit, F|100/100\n|turn|1\n|\n|t:|1788295043\n|-terastallize|p1a: Garganacl|Water\n|move|p2a: Kingambit|Swords Dance|p2a: Kingambit\n|-boost|p2a: Kingambit|atk|2\n|move|p1a: Garganacl|Salt Cure|p2a: Kingambit\n|-resisted|p2a: Kingambit\n|-damage|p2a: Kingambit|95/100\n|-start|p2a: Kingambit|Salt Cure\n|\n|-heal|p2a: Kingambit|100/100|[from] item: Leftovers\n|-damage|p2a: Kingambit|76/100|[from] Salt Cure\n|upkeep\n|turn|2\n|\n|t:|1788295054\n|switch|p1a: Moltres|Moltres|100/100\n|move|p2a: Kingambit|Swords Dance|p2a: Kingambit\n|-boost|p2a: Kingambit|atk|2\n|\n|-heal|p2a: Kingambit|82/100|[from] item: Leftovers\n|-damage|p2a: Kingambit|57/100|[from] Salt Cure\n|upkeep\n|turn|3\n|\n|t:|1788295063\n|-terastallize|p2a: Kingambit|Ghost\n|move|p2a: Kingambit|Kowtow Cleave|p1a: Moltres\n|-damage|p1a: Moltres|0 fnt\n|-status|p2a: Kingambit|brn|[from] ability: Flame Body|[of] p1a: Moltres\n|faint|p1a: Moltres\n|\n|-heal|p2a: Kingambit|63/100 brn|[from] item: Leftovers\n|-damage|p2a: Kingambit|57/100 brn|[from] brn\n|-damage|p2a: Kingambit|44/100 brn|[from] Salt Cure\n|upkeep\n|\n|t:|1788295078\n|switch|p1a: Muk|Muk-Alola, M|100/100\n|turn|4\n|\n|t:|1788295081\n|move|p1a: Muk|Protect|p1a: Muk\n|-singleturn|p1a: Muk|Protect\n|move|p2a: Kingambit|Iron Head|p1a: Muk\n|-activate|p1a: Muk|move: Protect\n|\n|-heal|p2a: Kingambit|51/100 brn|[from] item: Leftovers\n|-damage|p2a: Kingambit|44/100 brn|[from] brn\n|-damage|p2a: Kingambit|32/100 brn|[from] Salt Cure\n|upkeep\n|turn|5\n|\n|t:|1788295100\n|switch|p1a: Iron Treads|Iron Treads, shiny|100/100\n|move|p2a: Kingambit|Iron Head|p1a: Iron Treads\n|-resisted|p1a: Iron Treads\n|-damage|p1a: Iron Treads|71/100\n|\n|-heal|p1a: Iron Treads|77/100|[from] item: Leftovers\n|-heal|p2a: Kingambit|38/100 brn|[from] item: Leftovers\n|-damage|p2a: Kingambit|32/100 brn|[from] brn\n|-damage|p2a: Kingambit|19/100 brn|[from] Salt Cure\n|upkeep\n|turn|6\n|\n|t:|1788295124\n|move|p1a: Iron Treads|Earth Power|p2a: Kingambit\n|-damage|p2a: Kingambit|0 fnt\n|faint|p2a: Kingambit\n|-end|p2a: Kingambit|fallenundefined|[silent]\n|\n|-heal|p1a: Iron Treads|83/100|[from] item: Leftovers\n|upkeep\n|\n|t:|1788295126\n|switch|p2a: Ogerpon|Ogerpon-Wellspring, F|100/100\n|turn|7\n|inactive|mwharken has 120 seconds left.\n|\n|t:|1788295153\n|move|p2a: Ogerpon|Ivy Cudgel|p1a: Iron Treads|[anim] Ivy Cudgel Water\n|-supereffective|p1a: Iron Treads\n|-damage|p1a: Iron Treads|0 fnt\n|faint|p1a: Iron Treads\n|-end|p1a: Iron Treads|Quark Drive|[silent]\n|\n|upkeep\n|\n|t:|1788295162\n|switch|p1a: Garganacl|Garganacl, M, tera:Water|100/100\n|turn|8\n|\n|t:|1788295165\n|move|p2a: Ogerpon|Power Whip|p1a: Garganacl\n|-supereffective|p1a: Garganacl\n|-damage|p1a: Garganacl|5/100\n|move|p1a: Garganacl|Salt Cure|p2a: Ogerpon\n|-damage|p2a: Ogerpon|82/100\n|-start|p2a: Ogerpon|Salt Cure\n|\n|-heal|p1a: Garganacl|12/100|[from] item: Leftovers\n|-damage|p2a: Ogerpon|57/100|[from] Salt Cure\n|upkeep\n|turn|9\n|\n|t:|1788295176\n|move|p1a: Garganacl|Protect|p1a: Garganacl\n|-singleturn|p1a: Garganacl|Protect\n|move|p2a: Ogerpon|U-turn|p1a: Garganacl\n|-activate|p1a: Garganacl|move: Protect\n|\n|-heal|p1a: Garganacl|18/100|[from] item: Leftovers\n|-damage|p2a: Ogerpon|32/100|[from] Salt Cure\n|upkeep\n|turn|10\n|\n|t:|1788295187\n|switch|p1a: Araquanid|Araquanid, F, shiny|100/100\n|move|p2a: Ogerpon|U-turn|p1a: Araquanid\n|-damage|p1a: Araquanid|70/100\n|\n|t:|1788295189\n|switch|p2a: Raging Bolt|Raging Bolt|100/100|[from] U-turn\n|\n|upkeep\n|turn|11\n|\n|t:|1788295199\n|switch|p1a: Muk|Muk-Alola, M|100/100\n|move|p2a: Raging Bolt|Thunderbolt|p1a: Muk\n|-damage|p1a: Muk|66/100\n|-status|p1a: Muk|par\n|\n|-heal|p1a: Muk|72/100 par|[from] item: Leftovers\n|upkeep\n|turn|12\n|c|\u2606mwharken|Sure.\n|\n|t:|1788295212\n|move|p2a: Raging Bolt|Calm Mind|p2a: Raging Bolt\n|-boost|p2a: Raging Bolt|spa|1\n|-boost|p2a: Raging Bolt|spd|1\n|move|p1a: Muk|Knock Off|p2a: Raging Bolt\n|-damage|p2a: Raging Bolt|74/100\n|-enditem|p2a: Raging Bolt|Leftovers|[from] move: Knock Off|[of] p1a: Muk\n|\n|-heal|p1a: Muk|79/100 par|[from] item: Leftovers\n|upkeep\n|turn|13\n|\n|t:|1788295223\n|move|p2a: Raging Bolt|Dragon Pulse|p1a: Muk\n|-damage|p1a: Muk|30/100 par\n|cant|p1a: Muk|par\n|\n|-heal|p1a: Muk|36/100 par|[from] item: Leftovers\n|upkeep\n|turn|14\n|c|\u2606mwharken|Gg lucky boi.\n|-message|mwharken forfeited.\n|\n|win|kangarooteam1\n|raw|mwharken's rating: 1506 &rarr; <strong>1495</strong><br />(-11 for losing)\n|raw|kangarooteam1's rating: 1665 &rarr; <strong>1676</strong><br />(+11 for winning)\n|l|\u2606mwharken\n|player|p1|\n", "uploadtime": 1788295243, "views": "3", "formatid": "gen9ou", "rating": 1495, "private": 0, "password": null}