{"id": "gen9ou-2674075609", "format": "[Gen 9] OU", "players": ["kangarooteam1", "Auburn Hills"], "log": "|j|\u2606kangarooteam1\n|j|\u2606Auburn Hills\n|t:|1788295770\n|gametype|singles\n|player|p1|kangarooteam1|1|1684\n|player|p2|Auburn Hills|alder|1655\n|gen|9\n|tier|[Gen 9] OU\n|rated|\n|rule|HP Percentage Mod: HP is shown in percentages\n|rule|Endless Battle Clause: Forcing endless battles is banned\n|rule|Species Clause: Limit one of each Pok\u00e9mon\n|rule|OHKO Clause: OHKO moves are banned\n|rule|Evasion Items Clause: Evasion items are banned\n|rule|Evasion Moves Clause: Evasion moves are banned\n|rule|Evasion Abilities Clause: Evasion abilities are banned\n|rule|Sleep Moves Clause: Sleep-inducing moves are banned\n|clearpoke\n|poke|p1|Great Tusk|\n|poke|p1|Gholdengo|\n|poke|p1|Raging Bolt|\n|poke|p1|Iron Valiant|\n|poke|p1|Ogerpon-Wellspring, F|\n|poke|p1|Kingambit, M|\n|poke|p2|Iron Moth|\n|poke|p2|Umbreon, F|\n|poke|p2|Garchomp, M|\n|poke|p2|Glimmora, F|\n|poke|p2|Gholdengo|\n|poke|p2|Dragonite, F|\n|teampreview\n|inactive|Battle timer is ON: inactive players will automatically lose when time's up. (requested by kangarooteam1)\n|\n|t:|1788295787\n|teamsize|p1|6\n|teamsize|p2|6\n|start\n|switch|p1a: Raging Bolt|Raging Bolt|100/100\n|switch|p2a: Glimmora|Glimmora, F|100/100\n|turn|1\n|\n|t:|1788295789\n|move|p2a: Glimmora|Mortal Spin|p1a: Raging Bolt\n|-damage|p1a: Raging Bolt|95/100\n|-status|p1a: Raging Bolt|psn\n|move|p1a: Raging Bolt|Thunderbolt|p2a: Glimmora\n|-damage|p2a: Glimmora|30/100\n|-status|p2a: Glimmora|par\n|\n|-heal|p1a: Raging Bolt|100/100 psn|[from] item: Leftovers\n|-damage|p1a: Raging Bolt|88/100 psn|[from] psn\n|upkeep\n|turn|2\n|\n|t:|1788295791\n|switch|p2a: Alvvays|Umbreon, F|100/100\n|move|p1a: Raging Bolt|Dragon Pulse|p2a: Alvvays\n|-damage|p2a: Alvvays|73/100\n|\n|-heal|p1a: Raging Bolt|94/100 psn|[from] item: Leftovers\n|-heal|p2a: Alvvays|79/100|[from] item: Leftovers\n|-damage|p1a: Raging Bolt|82/100 psn|[from] psn\n|upkeep\n|turn|3\n|\n|t:|1788295793\n|move|p1a: Raging Bolt|Calm Mind|p1a: Raging Bolt\n|-boost|p1a: Raging Bolt|spa|1\n|-boost|p1a: Raging Bolt|spd|1\n|move|p2a: Alvvays|Foul Play|p1a: Raging Bolt\n|-damage|p1a: Raging Bolt|63/100 psn\n|\n|-heal|p1a: Raging Bolt|69/100 psn|[from] item: Leftovers\n|-heal|p2a: Alvvays|85/100|[from] item: Leftovers\n|-damage|p1a: Raging Bolt|57/100 psn|[from] psn\n|upkeep\n|turn|4\n|\n|t:|1788295795\n|move|p2a: Alvvays|Protect|p2a: Alvvays\n|-singleturn|p2a: Alvvays|Protect\n|move|p1a: Raging Bolt|Dragon Pulse|p2a: Alvvays\n|-activate|p2a: Alvvays|move: Protect\n|\n|-heal|p1a: Raging Bolt|63/100 psn|[from] item: Leftovers\n|-heal|p2a: Alvvays|91/100|[from] item: Leftovers\n|-damage|p1a: Raging Bolt|51/100 psn|[from] psn\n|upkeep\n|turn|5\n|\n|t:|1788295798\n|move|p1a: Raging Bolt|Dragon Pulse|p2a: Alvvays\n|-damage|p2a: Alvvays|54/100\n|move|p2a: Alvvays|Wish|p2a: Alvvays\n|\n|-heal|p1a: Raging Bolt|57/100 psn|[from] item: Leftovers\n|-heal|p2a: Alvvays|61/100|[from] item: Leftovers\n|-damage|p1a: Raging Bolt|45/100 psn|[from] psn\n|upkeep\n|turn|6\n|\n|t:|1788295800\n|move|p1a: Raging Bolt|Thunderbolt|p2a: Alvvays\n|-damage|p2a: Alvvays|21/100\n|move|p2a: Alvvays|Foul Play|p1a: Raging Bolt\n|-damage|p1a: Raging Bolt|26/100 psn\n|\n|-heal|p2a: Alvvays|71/100|[from] move: Wish|[wisher] Alvvays\n|-heal|p1a: Raging Bolt|32/100 psn|[from] item: Leftovers\n|-heal|p2a: Alvvays|77/100|[from] item: Leftovers\n|-damage|p1a: Raging Bolt|20/100 psn|[from] psn\n|upkeep\n|turn|7\n|\n|t:|1788295803\n|move|p2a: Alvvays|Protect|p2a: Alvvays\n|-singleturn|p2a: Alvvays|Protect\n|move|p1a: Raging Bolt|Thunderbolt|p2a: Alvvays\n|-activate|p2a: Alvvays|move: Protect\n|\n|-heal|p1a: Raging Bolt|26/100 psn|[from] item: Leftovers\n|-heal|p2a: Alvvays|83/100|[from] item: Leftovers\n|-damage|p1a: Raging Bolt|14/100 psn|[from] psn\n|upkeep\n|turn|8\n|\n|t:|1788295805\n|-end|p1a: Raging Bolt|Protosynthesis|[silent]\n|switch|p1a: Great Tusk|Great Tusk|100/100\n|move|p2a: Alvvays|Wish|p2a: Alvvays\n|\n|-heal|p2a: Alvvays|90/100|[from] item: Leftovers\n|upkeep\n|turn|9\n|\n|t:|1788295807\n|switch|p2a: Glimmora|Glimmora, F|30/100 par\n|move|p1a: Great Tusk|Stealth Rock|p2a: Glimmora\n|-sidestart|p2: Auburn Hills|move: Stealth Rock\n|\n|-heal|p2a: Glimmora|94/100 par|[from] move: Wish|[wisher] Alvvays\n|upkeep\n|turn|10\n|\n|t:|1788295811\n|move|p1a: Great Tusk|Earthquake|p2a: Glimmora\n|-supereffective|p2a: Glimmora\n|-damage|p2a: Glimmora|0 fnt\n|-activate|p2a: Glimmora|ability: Toxic Debris\n|-sidestart|p1: kangarooteam1|move: Toxic Spikes\n|faint|p2a: Glimmora\n|\n|upkeep\n|j| DA COME UP\n|\n|t:|1788295813\n|switch|p2a: Smino|Gholdengo|100/100\n|-damage|p2a: Smino|94/100|[from] Stealth Rock\n|turn|11\n|\n|t:|1788295814\n|move|p2a: Smino|Make It Rain|p1a: Great Tusk\n|-damage|p1a: Great Tusk|18/100\n|-unboost|p2a: Smino|spa|1\n|move|p1a: Great Tusk|Earthquake|p2a: Smino\n|-supereffective|p2a: Smino\n|-damage|p2a: Smino|0 fnt\n|faint|p2a: Smino\n|\n|-heal|p1a: Great Tusk|24/100|[from] item: Leftovers\n|upkeep\n|\n|t:|1788295816\n|switch|p2a: Rat Tally|Garchomp, M|100/100\n|-damage|p2a: Rat Tally|94/100|[from] Stealth Rock\n|turn|12\n|\n|t:|1788295818\n|move|p2a: Rat Tally|Earthquake|p1a: Great Tusk\n|-damage|p1a: Great Tusk|0 fnt\n|faint|p1a: Great Tusk\n|-end|p1a: Great Tusk|Protosynthesis|[silent]\n|\n|upkeep\n|\n|t:|1788295819\n|switch|p1a: Gholdengo|Gholdengo|100/100\n|-item|p1a: Gholdengo|Air Balloon\n|turn|13\n|\n|t:|1788295821\n|move|p2a: Rat Tally|Scale Shot|p1a: Gholdengo|[miss]\n|-miss|p2a: Rat Tally|p1a: Gholdengo\n|move|p1a: Gholdengo|Shadow Ball|p2a: Rat Tally\n|-damage|p2a: Rat Tally|42/100\n|\n|upkeep\n|turn|14\n|\n|t:|1788295823\n|move|p2a: Rat Tally|Scale Shot|p1a: Gholdengo\n|-resisted|p1a: Gholdengo\n|-damage|p1a: Gholdengo|94/100\n|-enditem|p1a: Gholdengo|Air Balloon\n|-resisted|p1a: Gholdengo\n|-damage|p1a: Gholdengo|86/100\n|-resisted|p1a: Gholdengo\n|-damage|p1a: Gholdengo|79/100\n|-resisted|p1a: Gholdengo\n|-damage|p1a: Gholdengo|71/100\n|-hitcount|p1a: Gholdengo|4\n|-unboost|p2a: Rat Tally|def|1\n|-boost|p2a: Rat Tally|spe|1\n|move|p1a: Gholdengo|Shadow Ball|p2a: Rat Tally\n|-damage|p2a: Rat Tally|0 fnt\n|faint|p2a: Rat Tally\n|\n|upkeep\n|\n|t:|1788295827\n|switch|p2a: Elucid|Dragonite, F|100/100\n|turn|15\n|\n|t:|1788295828\n|move|p1a: Gholdengo|Make It Rain|p2a: Elucid\n|-damage|p2a: Elucid|67/100\n|-unboost|p1a: Gholdengo|spa|1\n|move|p2a: Elucid|Dragon Dance|p2a: Elucid\n|-boost|p2a: Elucid|atk|1\n|-boost|p2a: Elucid|spe|1\n|\n|upkeep\n|turn|16\n|\n|t:|1788295830\n|move|p2a: Elucid|Dragon Dance|p2a: Elucid\n|-boost|p2a: Elucid|atk|1\n|-boost|p2a: Elucid|spe|1\n|move|p1a: Gholdengo|Make It Rain|p2a: Elucid\n|-damage|p2a: Elucid|26/100\n|-unboost|p1a: Gholdengo|spa|1\n|\n|upkeep\n|turn|17\n|\n|t:|1788295831\n|switch|p1a: Raging Bolt|Raging Bolt|14/100 psn\n|move|p2a: Elucid|Earthquake|p1a: Raging Bolt\n|-supereffective|p1a: Raging Bolt\n|-damage|p1a: Raging Bolt|0 fnt\n|faint|p1a: Raging Bolt\n|-end|p1a: Raging Bolt|Protosynthesis|[silent]\n|\n|upkeep\n|\n|t:|1788295833\n|switch|p1a: Kingambit|Kingambit, M|100/100\n|-activate|p1a: Kingambit|ability: Supreme Overlord\n|-start|p1a: Kingambit|fallen2|[silent]\n|turn|18\n|\n|t:|1788295835\n|move|p2a: Elucid|Extreme Speed|p1a: Kingambit\n|-resisted|p1a: Kingambit\n|-damage|p1a: Kingambit|77/100\n|move|p1a: Kingambit|Sucker Punch||[still]\n|-fail|p1a: Kingambit\n|\n|-heal|p1a: Kingambit|83/100|[from] item: Leftovers\n|upkeep\n|turn|19\n|\n|t:|1788295837\n|move|p2a: Elucid|Extreme Speed|p1a: Kingambit\n|-resisted|p1a: Kingambit\n|-damage|p1a: Kingambit|61/100\n|move|p1a: Kingambit|Sucker Punch||[still]\n|-fail|p1a: Kingambit\n|\n|-heal|p1a: Kingambit|68/100|[from] item: Leftovers\n|upkeep\n|turn|20\n|\n|t:|1788295838\n|move|p2a: Elucid|Extreme Speed|p1a: Kingambit\n|-resisted|p1a: Kingambit\n|-damage|p1a: Kingambit|44/100\n|move|p1a: Kingambit|Sucker Punch||[still]\n|-fail|p1a: Kingambit\n|\n|-heal|p1a: Kingambit|50/100|[from] item: Leftovers\n|upkeep\n|turn|21\n|\n|t:|1788295840\n|move|p2a: Elucid|Extreme Speed|p1a: Kingambit\n|-resisted|p1a: Kingambit\n|-damage|p1a: Kingambit|26/100\n|move|p1a: Kingambit|Sucker Punch||[still]\n|-fail|p1a: Kingambit\n|\n|-heal|p1a: Kingambit|32/100|[from] item: Leftovers\n|upkeep\n|turn|22\n|\n|t:|1788295844\n|-terastallize|p2a: Elucid|Normal\n|move|p2a: Elucid|Extreme Speed|p1a: Kingambit\n|-resisted|p1a: Kingambit\n|-damage|p1a: Kingambit|0 fnt\n|faint|p1a: Kingambit\n|-end|p1a: Kingambit|fallen2|[silent]\n|\n|upkeep\n|\n|t:|1788295845\n|switch|p1a: Ogerpon|Ogerpon-Wellspring, F|100/100\n|-status|p1a: Ogerpon|psn\n|turn|23\n|\n|t:|1788295849\n|switch|p1a: Gholdengo|Gholdengo|71/100\n|move|p2a: Elucid|Extreme Speed|p1a: Gholdengo\n|-immune|p1a: Gholdengo\n|\n|upkeep\n|turn|24\n|\n|t:|1788295850\n|switch|p1a: Ogerpon|Ogerpon-Wellspring, F|100/100 psn\n|move|p2a: Elucid|Earthquake|p1a: Ogerpon\n|-resisted|p1a: Ogerpon\n|-damage|p1a: Ogerpon|46/100 psn\n|\n|-damage|p1a: Ogerpon|34/100 psn|[from] psn\n|upkeep\n|turn|25\n|\n|t:|1788295853\n|-terastallize|p1a: Ogerpon|Water\n|detailschange|p1a: Ogerpon|Ogerpon-Wellspring-Tera, F, tera:Water\n|-ability|p1a: Ogerpon|Embody Aspect (Wellspring)|boost\n|-boost|p1a: Ogerpon|spd|1\n|move|p2a: Elucid|Earthquake|p1a: Ogerpon\n|-damage|p1a: Ogerpon|0 fnt\n|faint|p1a: Ogerpon\n|detailschange|p1: Ogerpon|Ogerpon-Wellspring, F|[silent]\n|\n|upkeep\n|\n|t:|1788295854\n|switch|p1a: Gholdengo|Gholdengo|71/100\n|turn|26\n|\n|t:|1788295855\n|move|p2a: Elucid|Earthquake|p1a: Gholdengo\n|-supereffective|p1a: Gholdengo\n|-damage|p1a: Gholdengo|0 fnt\n|faint|p1a: Gholdengo\n|\n|upkeep\n|\n|t:|1788295856\n|switch|p1a: Iron Valiant|Iron Valiant|100/100\n|-status|p1a: Iron Valiant|psn\n|-enditem|p1a: Iron Valiant|Booster Energy\n|-activate|p1a: Iron Valiant|ability: Quark Drive|[fromitem]\n|-start|p1a: Iron Valiant|quarkdrivespe\n|turn|27\n|\n|t:|1788295858\n|move|p2a: Elucid|Extreme Speed|p1a: Iron Valiant\n|-damage|p1a: Iron Valiant|0 fnt\n|faint|p1a: Iron Valiant\n|-end|p1a: Iron Valiant|Quark Drive|[silent]\n|\n|win|Auburn Hills\n|raw|kangarooteam1's rating: 1684 &rarr; <strong>1662</strong><br />(-22 for losing)\n|raw|Auburn Hills's rating: 1655 &rarr; <strong>1677</strong><br />(+22 for winning)\n", "uploadtime": 1788295858, "views": "0", "formatid": "gen9ou", "rating": 1662, "private": 0, "password": null}