{"id": "gen9ou-2674045487", "format": "[Gen 9] OU", "players": ["Kinair", "kangarooteam1"], "log": "|j|\u2606Kinair\n|j|\u2606kangarooteam1\n|t:|1788292047\n|gametype|singles\n|player|p1|Kinair|elesa|1681\n|player|p2|kangarooteam1|1|1681\n|gen|9\n|tier|[Gen 9] OU\n|rated|\n|rule|HP Percentage Mod: HP is shown in percentages\n|rule|Endless Battle Clause: Forcing endless battles is banned\n|rule|Species Clause: Limit one of each Pok\u00e9mon\n|rule|OHKO Clause: OHKO moves are banned\n|rule|Evasion Items Clause: Evasion items are banned\n|rule|Evasion Moves Clause: Evasion moves are banned\n|rule|Evasion Abilities Clause: Evasion abilities are banned\n|rule|Sleep Moves Clause: Sleep-inducing moves are banned\n|clearpoke\n|poke|p1|Pelipper, M|\n|poke|p1|Kingdra, F|\n|poke|p1|Raging Bolt|\n|poke|p1|Grimmsnarl, M|\n|poke|p1|Scizor, M|\n|poke|p1|Gliscor, M|\n|poke|p2|Great Tusk|\n|poke|p2|Gholdengo|\n|poke|p2|Raging Bolt|\n|poke|p2|Iron Valiant|\n|poke|p2|Ogerpon-Wellspring, F|\n|poke|p2|Kingambit, F|\n|teampreview\n|inactive|Battle timer is ON: inactive players will automatically lose when time's up. (requested by kangarooteam1)\n|\n|t:|1788292058\n|teamsize|p1|6\n|teamsize|p2|6\n|start\n|switch|p1a: Grimmsnarl|Grimmsnarl, M|100/100\n|switch|p2a: Kingambit|Kingambit, F|100/100\n|turn|1\n|\n|t:|1788292063\n|switch|p1a: Gliscor|Gliscor, M|100/100\n|move|p2a: Kingambit|Swords Dance|p2a: Kingambit\n|-boost|p2a: Kingambit|atk|2\n|\n|-status|p1a: Gliscor|tox|[from] item: Toxic Orb\n|upkeep\n|turn|2\n|\n|t:|1788292066\n|move|p1a: Gliscor|Earthquake|p2a: Kingambit\n|-supereffective|p2a: Kingambit\n|-damage|p2a: Kingambit|56/100\n|move|p2a: Kingambit|Kowtow Cleave|p1a: Gliscor\n|-crit|p1a: Gliscor\n|-damage|p1a: Gliscor|14/100 tox\n|\n|-heal|p2a: Kingambit|62/100|[from] item: Leftovers\n|-heal|p1a: Gliscor|26/100 tox|[from] ability: Poison Heal\n|upkeep\n|turn|3\n|\n|t:|1788292073\n|move|p1a: Gliscor|Protect|p1a: Gliscor\n|-singleturn|p1a: Gliscor|Protect\n|move|p2a: Kingambit|Sucker Punch||[still]\n|-fail|p2a: Kingambit\n|\n|-heal|p2a: Kingambit|68/100|[from] item: Leftovers\n|-heal|p1a: Gliscor|39/100 tox|[from] ability: Poison Heal\n|upkeep\n|turn|4\n|\n|t:|1788292087\n|move|p2a: Kingambit|Sucker Punch|p1a: Gliscor\n|-damage|p1a: Gliscor|0 fnt\n|faint|p1a: Gliscor\n|\n|-heal|p2a: Kingambit|74/100|[from] item: Leftovers\n|upkeep\n|\n|t:|1788292090\n|switch|p1a: Scizor|Scizor, M|100/100\n|turn|5\n|\n|t:|1788292092\n|move|p1a: Scizor|Close Combat|p2a: Kingambit\n|-supereffective|p2a: Kingambit\n|-damage|p2a: Kingambit|0 fnt\n|-unboost|p1a: Scizor|def|1\n|-unboost|p1a: Scizor|spd|1\n|faint|p2a: Kingambit\n|-end|p2a: Kingambit|fallenundefined|[silent]\n|\n|upkeep\n|\n|t:|1788292093\n|switch|p2a: Gholdengo|Gholdengo|100/100\n|-item|p2a: Gholdengo|Air Balloon\n|turn|6\n|\n|t:|1788292097\n|switch|p1a: Pelipper|Pelipper, M|100/100\n|-weather|RainDance|[from] ability: Drizzle|[of] p1a: Pelipper\n|move|p2a: Gholdengo|Nasty Plot|p2a: Gholdengo\n|-boost|p2a: Gholdengo|spa|2\n|\n|-weather|RainDance|[upkeep]\n|upkeep\n|turn|7\n|\n|t:|1788292099\n|move|p2a: Gholdengo|Shadow Ball|p1a: Pelipper\n|-damage|p1a: Pelipper|0 fnt\n|faint|p1a: Pelipper\n|\n|-weather|RainDance|[upkeep]\n|upkeep\n|\n|t:|1788292102\n|switch|p1a: Kingdra|Kingdra, F|100/100\n|turn|8\n|\n|t:|1788292107\n|switch|p2a: Ogerpon|Ogerpon-Wellspring, F|100/100\n|move|p1a: Kingdra|Weather Ball|p2a: Ogerpon\n|-immune|p2a: Ogerpon|[from] ability: Water Absorb\n|\n|-weather|RainDance|[upkeep]\n|upkeep\n|turn|9\n|\n|t:|1788292112\n|switch|p1a: Raging Bolt|Raging Bolt|100/100\n|-enditem|p1a: Raging Bolt|Booster Energy\n|-activate|p1a: Raging Bolt|ability: Protosynthesis|[fromitem]\n|-start|p1a: Raging Bolt|protosynthesisspa\n|move|p2a: Ogerpon|Ivy Cudgel|p1a: Raging Bolt|[anim] Ivy Cudgel Water\n|-resisted|p1a: Raging Bolt\n|-damage|p1a: Raging Bolt|61/100\n|\n|-weather|RainDance|[upkeep]\n|upkeep\n|turn|10\n|\n|t:|1788292118\n|move|p2a: Ogerpon|U-turn|p1a: Raging Bolt\n|-damage|p1a: Raging Bolt|37/100\n|\n|t:|1788292119\n|switch|p2a: Iron Valiant|Iron Valiant|100/100|[from] U-turn\n|-enditem|p2a: Iron Valiant|Booster Energy\n|-activate|p2a: Iron Valiant|ability: Quark Drive|[fromitem]\n|-start|p2a: Iron Valiant|quarkdrivespe\n|move|p1a: Raging Bolt|Thunder|p2a: Iron Valiant\n|-damage|p2a: Iron Valiant|0 fnt\n|faint|p2a: Iron Valiant\n|-end|p2a: Iron Valiant|Quark Drive|[silent]\n|\n|-weather|RainDance|[upkeep]\n|upkeep\n|\n|t:|1788292120\n|switch|p2a: Great Tusk|Great Tusk|100/100\n|turn|11\n|\n|t:|1788292124\n|-end|p1a: Raging Bolt|Protosynthesis|[silent]\n|switch|p1a: Grimmsnarl|Grimmsnarl, M|100/100\n|move|p2a: Great Tusk|Earthquake|p1a: Grimmsnarl\n|-damage|p1a: Grimmsnarl|47/100\n|\n|-weather|RainDance|[upkeep]\n|upkeep\n|turn|12\n|\n|t:|1788292126\n|move|p1a: Grimmsnarl|Reflect|p1a: Grimmsnarl\n|-sidestart|p1: Kinair|Reflect\n|move|p2a: Great Tusk|Earthquake|p1a: Grimmsnarl\n|-damage|p1a: Grimmsnarl|23/100\n|\n|-weather|RainDance|[upkeep]\n|upkeep\n|turn|13\n|\n|t:|1788292134\n|move|p1a: Grimmsnarl|Light Screen|p1a: Grimmsnarl\n|-sidestart|p1: Kinair|move: Light Screen\n|move|p2a: Great Tusk|Stealth Rock|p1a: Grimmsnarl\n|-sidestart|p1: Kinair|move: Stealth Rock\n|\n|-weather|none\n|upkeep\n|turn|14\n|\n|t:|1788292137\n|move|p2a: Great Tusk|Earthquake|p1a: Grimmsnarl\n|-damage|p1a: Grimmsnarl|0 fnt\n|faint|p1a: Grimmsnarl\n|\n|upkeep\n|\n|t:|1788292140\n|switch|p1a: Kingdra|Kingdra, F|100/100\n|-damage|p1a: Kingdra|88/100|[from] Stealth Rock\n|turn|15\n|\n|t:|1788292142\n|-terastallize|p2a: Great Tusk|Steel\n|move|p1a: Kingdra|Draco Meteor|p2a: Great Tusk\n|-resisted|p2a: Great Tusk\n|-damage|p2a: Great Tusk|46/100\n|-unboost|p1a: Kingdra|spa|2\n|move|p2a: Great Tusk|Knock Off|p1a: Kingdra\n|-crit|p1a: Kingdra\n|-damage|p1a: Kingdra|34/100\n|-enditem|p1a: Kingdra|Choice Specs|[from] move: Knock Off|[of] p2a: Great Tusk\n|\n|-heal|p2a: Great Tusk|52/100|[from] item: Leftovers\n|upkeep\n|turn|16\n|-message|Kinair forfeited.\n|\n|win|kangarooteam1\n|raw|Kinair's rating: 1681 &rarr; <strong>1661</strong><br />(-20 for losing)\n|raw|kangarooteam1's rating: 1681 &rarr; <strong>1701</strong><br />(+20 for winning)\n", "uploadtime": 1788292151, "views": "0", "formatid": "gen9ou", "rating": 1661, "private": 0, "password": null}