{"id": "gen9ou-2674013624", "format": "[Gen 9] OU", "players": ["Agent Zyn7", "Acastillo631"], "log": "|j|\u2606Agent Zyn7\n|j|\u2606Acastillo631\n|t:|1788288234\n|gametype|singles\n|player|p1|Agent Zyn7|elesa|1749\n|player|p2|Acastillo631|silver|1684\n|gen|9\n|tier|[Gen 9] OU\n|rated|\n|rule|HP Percentage Mod: HP is shown in percentages\n|rule|Endless Battle Clause: Forcing endless battles is banned\n|rule|Species Clause: Limit one of each Pok\u00e9mon\n|rule|OHKO Clause: OHKO moves are banned\n|rule|Evasion Items Clause: Evasion items are banned\n|rule|Evasion Moves Clause: Evasion moves are banned\n|rule|Evasion Abilities Clause: Evasion abilities are banned\n|rule|Sleep Moves Clause: Sleep-inducing moves are banned\n|clearpoke\n|poke|p1|Pelipper, M|\n|poke|p1|Zamazenta-*|\n|poke|p1|Manaphy|\n|poke|p1|Rillaboom, F|\n|poke|p1|Cresselia, F|\n|poke|p1|Raging Bolt|\n|poke|p2|Iron Valiant|\n|poke|p2|Sinistcha|\n|poke|p2|Klefki, M|\n|poke|p2|Iron Treads|\n|poke|p2|Tyranitar, F|\n|poke|p2|Samurott-Hisui, M|\n|teampreview\n|j| A Tub Of Lard\n|\n|t:|1788288262\n|teamsize|p1|6\n|teamsize|p2|6\n|start\n|switch|p1a: Cardi Z|Zamazenta, shiny|100/100\n|switch|p2a: Blade Armor|Samurott-Hisui, M|100/100\n|-ability|p1a: Cardi Z|Dauntless Shield|boost\n|-boost|p1a: Cardi Z|def|1\n|turn|1\n|\n|t:|1788288266\n|switch|p2a: Redips|Klefki, M|100/100\n|move|p1a: Cardi Z|Reflect|p1a: Cardi Z\n|-sidestart|p1: Agent Zyn7|Reflect\n|\n|upkeep\n|turn|2\n|\n|t:|1788288268\n|move|p2a: Redips|Spikes|p1a: Cardi Z\n|-sidestart|p1: Agent Zyn7|Spikes\n|move|p1a: Cardi Z|Light Screen|p1a: Cardi Z\n|-sidestart|p1: Agent Zyn7|move: Light Screen\n|\n|upkeep\n|turn|3\n|\n|t:|1788288270\n|switch|p1a: Wet Ass Pelipper|Pelipper, M|100/100\n|-weather|RainDance|[from] ability: Drizzle|[of] p1a: Wet Ass Pelipper\n|move|p2a: Redips|Thunder Wave|p1a: Wet Ass Pelipper\n|-status|p1a: Wet Ass Pelipper|par\n|\n|-weather|RainDance|[upkeep]\n|upkeep\n|turn|4\n|\n|t:|1788288274\n|switch|p2a: Eregion|Tyranitar, F|100/100\n|-weather|Sandstorm|[from] ability: Sand Stream|[of] p2a: Eregion\n|switch|p1a: Make It Drop|Manaphy|100/100\n|-damage|p1a: Make It Drop|88/100|[from] Spikes\n|\n|-weather|Sandstorm|[upkeep]\n|-damage|p1a: Make It Drop|82/100|[from] Sandstorm\n|upkeep\n|turn|5\n|\n|t:|1788288279\n|move|p1a: Make It Drop|Tail Glow|p1a: Make It Drop\n|-boost|p1a: Make It Drop|spa|3\n|move|p2a: Eregion|Roar|p1a: Make It Drop\n|drag|p1a: Crescent|Cresselia, F, shiny|100/100\n|\n|-weather|Sandstorm|[upkeep]\n|-damage|p1a: Crescent|94/100|[from] Sandstorm\n|-heal|p1a: Crescent|100/100|[from] item: Leftovers\n|upkeep\n|turn|6\n|\n|t:|1788288286\n|switch|p1a: Wet Ass Pelipper|Pelipper, M|100/100 par\n|-weather|RainDance|[from] ability: Drizzle|[of] p1a: Wet Ass Pelipper\n|move|p2a: Eregion|Stealth Rock|p1a: Wet Ass Pelipper\n|-sidestart|p1: Agent Zyn7|move: Stealth Rock\n|\n|-weather|RainDance|[upkeep]\n|upkeep\n|turn|7\n|\n|t:|1788288290\n|switch|p2a: Blade Armor|Samurott-Hisui, M|100/100\n|move|p1a: Wet Ass Pelipper|U-turn|p2a: Blade Armor\n|-supereffective|p2a: Blade Armor\n|-damage|p2a: Blade Armor|76/100\n|\n|t:|1788288294\n|switch|p1a: Throat Goat|Raging Bolt|100/100|[from] U-turn\n|-damage|p1a: Throat Goat|88/100|[from] Spikes\n|-damage|p1a: Throat Goat|76/100|[from] Stealth Rock\n|-enditem|p1a: Throat Goat|Booster Energy\n|-activate|p1a: Throat Goat|ability: Protosynthesis|[fromitem]\n|-start|p1a: Throat Goat|protosynthesisspa\n|\n|-weather|RainDance|[upkeep]\n|upkeep\n|turn|8\n|\n|t:|1788288300\n|switch|p2a: Eregion|Tyranitar, F|100/100\n|-weather|Sandstorm|[from] ability: Sand Stream|[of] p2a: Eregion\n|move|p1a: Throat Goat|Dragon Pulse|p2a: Eregion\n|-damage|p2a: Eregion|75/100\n|\n|-weather|Sandstorm|[upkeep]\n|-damage|p1a: Throat Goat|69/100|[from] Sandstorm\n|-heal|p2a: Eregion|81/100|[from] item: Leftovers\n|-sideend|p1: Agent Zyn7|Reflect\n|upkeep\n|turn|9\n|\n|t:|1788288303\n|move|p1a: Throat Goat|Thunderbolt|p2a: Eregion\n|-damage|p2a: Eregion|53/100\n|move|p2a: Eregion|Roar|p1a: Throat Goat\n|-end|p1a: Throat Goat|Protosynthesis|[silent]\n|drag|p1a: Crescent|Cresselia, F, shiny|100/100\n|-damage|p1a: Crescent|88/100|[from] Stealth Rock\n|\n|-weather|Sandstorm|[upkeep]\n|-damage|p1a: Crescent|82/100|[from] Sandstorm\n|-heal|p1a: Crescent|88/100|[from] item: Leftovers\n|-heal|p2a: Eregion|59/100|[from] item: Leftovers\n|-sideend|p1: Agent Zyn7|move: Light Screen\n|upkeep\n|turn|10\n|\n|t:|1788288314\n|switch|p1a: Rillaboom|Rillaboom, F|100/100\n|-damage|p1a: Rillaboom|88/100|[from] Spikes\n|-damage|p1a: Rillaboom|76/100|[from] Stealth Rock\n|-fieldstart|move: Grassy Terrain|[from] ability: Grassy Surge|[of] p1a: Rillaboom\n|move|p2a: Eregion|Knock Off|p1a: Rillaboom\n|-damage|p1a: Rillaboom|27/100\n|-enditem|p1a: Rillaboom|Life Orb|[from] move: Knock Off|[of] p2a: Eregion\n|\n|-weather|Sandstorm|[upkeep]\n|-damage|p1a: Rillaboom|20/100|[from] Sandstorm\n|-heal|p1a: Rillaboom|27/100|[from] Grassy Terrain\n|-heal|p2a: Eregion|65/100|[from] Grassy Terrain\n|-heal|p2a: Eregion|71/100|[from] item: Leftovers\n|upkeep\n|turn|11\n|\n|t:|1788288322\n|switch|p2a: Redips|Klefki, M|100/100\n|move|p1a: Rillaboom|Swords Dance|p1a: Rillaboom\n|-boost|p1a: Rillaboom|atk|2\n|\n|-weather|Sandstorm|[upkeep]\n|-damage|p1a: Rillaboom|20/100|[from] Sandstorm\n|-heal|p1a: Rillaboom|27/100|[from] Grassy Terrain\n|upkeep\n|turn|12\n|\n|t:|1788288326\n|move|p2a: Redips|Magnet Rise|p2a: Redips\n|-start|p2a: Redips|Magnet Rise\n|move|p1a: Rillaboom|High Horsepower|p2a: Redips\n|-immune|p2a: Redips\n|\n|-weather|none\n|-heal|p1a: Rillaboom|33/100|[from] Grassy Terrain\n|upkeep\n|turn|13\n|\n|t:|1788288332\n|switch|p1a: Cardi Z|Zamazenta, shiny|100/100\n|-damage|p1a: Cardi Z|88/100|[from] Spikes\n|-damage|p1a: Cardi Z|82/100|[from] Stealth Rock\n|move|p2a: Redips|Dazzling Gleam|p1a: Cardi Z\n|-supereffective|p1a: Cardi Z\n|-damage|p1a: Cardi Z|40/100\n|\n|-heal|p1a: Cardi Z|46/100|[from] Grassy Terrain\n|upkeep\n|turn|14\n|\n|t:|1788288334\n|move|p2a: Redips|Thunder Wave|p1a: Cardi Z\n|-status|p1a: Cardi Z|par\n|cant|p1a: Cardi Z|par\n|\n|-heal|p1a: Cardi Z|51/100 par|[from] Grassy Terrain\n|-fieldend|move: Grassy Terrain\n|upkeep\n|turn|15\n|\n|t:|1788288337\n|move|p1a: Cardi Z|Light Screen|p1a: Cardi Z\n|-sidestart|p1: Agent Zyn7|move: Light Screen\n|move|p2a: Redips|Dazzling Gleam|p1a: Cardi Z\n|-supereffective|p1a: Cardi Z\n|-damage|p1a: Cardi Z|32/100 par\n|\n|upkeep\n|turn|16\n|\n|t:|1788288340\n|move|p2a: Redips|Spikes|p1a: Cardi Z\n|-sidestart|p1: Agent Zyn7|Spikes\n|move|p1a: Cardi Z|Reflect|p1a: Cardi Z\n|-sidestart|p1: Agent Zyn7|Reflect\n|\n|-end|p2a: Redips|Magnet Rise\n|upkeep\n|turn|17\n|\n|t:|1788288343\n|switch|p1a: Wet Ass Pelipper|Pelipper, M|100/100 par\n|-damage|p1a: Wet Ass Pelipper|76/100 par|[from] Stealth Rock\n|-weather|RainDance|[from] ability: Drizzle|[of] p1a: Wet Ass Pelipper\n|move|p2a: Redips|Spikes|p1a: Wet Ass Pelipper\n|-sidestart|p1: Agent Zyn7|Spikes\n|\n|-weather|RainDance|[upkeep]\n|upkeep\n|turn|18\n|\n|t:|1788288348\n|move|p2a: Redips|Dazzling Gleam|p1a: Wet Ass Pelipper\n|-damage|p1a: Wet Ass Pelipper|59/100 par\n|move|p1a: Wet Ass Pelipper|U-turn|p2a: Redips\n|-resisted|p2a: Redips\n|-damage|p2a: Redips|99/100\n|-damage|p1a: Wet Ass Pelipper|43/100 par|[from] item: Rocky Helmet|[of] p2a: Redips\n|\n|t:|1788288352\n|switch|p1a: Make It Drop|Manaphy|82/100|[from] U-turn\n|-damage|p1a: Make It Drop|57/100|[from] Spikes\n|-damage|p1a: Make It Drop|45/100|[from] Stealth Rock\n|\n|-weather|RainDance|[upkeep]\n|upkeep\n|turn|19\n|\n|t:|1788288356\n|move|p2a: Redips|Thunder Wave|p1a: Make It Drop\n|-status|p1a: Make It Drop|par\n|move|p1a: Make It Drop|Tail Glow|p1a: Make It Drop\n|-boost|p1a: Make It Drop|spa|3\n|\n|-weather|RainDance|[upkeep]\n|-activate|p1a: Make It Drop|ability: Hydration\n|-curestatus|p1a: Make It Drop|par|[msg]\n|upkeep\n|turn|20\n|\n|t:|1788288372\n|move|p1a: Make It Drop|Surf|p2a: Redips\n|-damage|p2a: Redips|0 fnt\n|faint|p2a: Redips\n|\n|-weather|RainDance|[upkeep]\n|upkeep\n|inactive|Battle timer is ON: inactive players will automatically lose when time's up. (requested by Agent Zyn7)\n|\n|t:|1788288427\n|switch|p2a: Wire Sponge|Sinistcha|100/100\n|turn|21\n|\n|t:|1788288432\n|move|p1a: Make It Drop|Surf|p2a: Wire Sponge\n|-resisted|p2a: Wire Sponge\n|-damage|p2a: Wire Sponge|5/100\n|move|p2a: Wire Sponge|Matcha Gotcha|p1a: Make It Drop\n|-supereffective|p1a: Make It Drop\n|-damage|p1a: Make It Drop|14/100\n|-heal|p2a: Wire Sponge|22/100|[from] drain|[of] p1a: Make It Drop\n|\n|-weather|RainDance|[upkeep]\n|upkeep\n|turn|22\n|j| G-Cis91\n|\n|t:|1788288441\n|move|p1a: Make It Drop|Rest|p1a: Make It Drop\n|-status|p1a: Make It Drop|slp|[from] move: Rest\n|-heal|p1a: Make It Drop|100/100 slp|[silent]\n|move|p2a: Wire Sponge|Shadow Ball|p1a: Make It Drop\n|-damage|p1a: Make It Drop|85/100 slp\n|\n|-weather|RainDance|[upkeep]\n|-activate|p1a: Make It Drop|ability: Hydration\n|-curestatus|p1a: Make It Drop|slp|[msg]\n|-sideend|p1: Agent Zyn7|move: Light Screen\n|upkeep\n|turn|23\n|\n|t:|1788288449\n|move|p1a: Make It Drop|Surf|p2a: Wire Sponge\n|-resisted|p2a: Wire Sponge\n|-damage|p2a: Wire Sponge|0 fnt\n|faint|p2a: Wire Sponge\n|\n|-weather|RainDance|[upkeep]\n|-sideend|p1: Agent Zyn7|Reflect\n|upkeep\n|\n|t:|1788288450\n|switch|p2a: Eregion|Tyranitar, F|71/100\n|-weather|Sandstorm|[from] ability: Sand Stream|[of] p2a: Eregion\n|turn|24\n|\n|t:|1788288456\n|move|p1a: Make It Drop|Surf|p2a: Eregion\n|-supereffective|p2a: Eregion\n|-damage|p2a: Eregion|0 fnt\n|faint|p2a: Eregion\n|\n|-weather|Sandstorm|[upkeep]\n|-damage|p1a: Make It Drop|79/100|[from] Sandstorm\n|upkeep\n|\n|t:|1788288468\n|switch|p2a: Blade Armor|Samurott-Hisui, M|76/100\n|turn|25\n|\n|t:|1788288475\n|-terastallize|p1a: Make It Drop|Fairy\n|move|p2a: Blade Armor|Ceaseless Edge|p1a: Make It Drop\n|-resisted|p1a: Make It Drop\n|-damage|p1a: Make It Drop|60/100\n|move|p1a: Make It Drop|Alluring Voice|p2a: Blade Armor\n|-supereffective|p2a: Blade Armor\n|-damage|p2a: Blade Armor|0 fnt\n|faint|p2a: Blade Armor\n|\n|-weather|Sandstorm|[upkeep]\n|-damage|p1a: Make It Drop|54/100|[from] Sandstorm\n|upkeep\n|\n|t:|1788288480\n|switch|p2a: Armored Armadillo|Iron Treads|100/100\n|-item|p2a: Armored Armadillo|Air Balloon\n|turn|26\n|\n|t:|1788288483\n|move|p2a: Armored Armadillo|Earthquake|p1a: Make It Drop\n|-damage|p1a: Make It Drop|14/100\n|move|p1a: Make It Drop|Surf|p2a: Armored Armadillo\n|-supereffective|p2a: Armored Armadillo\n|-damage|p2a: Armored Armadillo|0 fnt\n|-enditem|p2a: Armored Armadillo|Air Balloon\n|faint|p2a: Armored Armadillo\n|-end|p2a: Armored Armadillo|Quark Drive|[silent]\n|\n|-weather|Sandstorm|[upkeep]\n|-damage|p1a: Make It Drop|7/100|[from] Sandstorm\n|upkeep\n|\n|t:|1788288491\n|switch|p2a: Sage Harpuia|Iron Valiant|100/100\n|-enditem|p2a: Sage Harpuia|Booster Energy\n|-activate|p2a: Sage Harpuia|ability: Quark Drive|[fromitem]\n|-start|p2a: Sage Harpuia|quarkdrivespe\n|turn|27\n|\n|t:|1788288493\n|move|p2a: Sage Harpuia|Moonblast|p1a: Make It Drop\n|-crit|p1a: Make It Drop\n|-damage|p1a: Make It Drop|0 fnt\n|faint|p1a: Make It Drop\n|\n|-weather|Sandstorm|[upkeep]\n|-damage|p2a: Sage Harpuia|94/100|[from] Sandstorm\n|upkeep\n|\n|t:|1788288496\n|switch|p1a: Rillaboom|Rillaboom, F|33/100\n|-damage|p1a: Rillaboom|8/100|[from] Spikes\n|-damage|p1a: Rillaboom|0 fnt|[from] Stealth Rock\n|faint|p1a: Rillaboom\n|\n|t:|1788288506\n|switch|p1a: Wet Ass Pelipper|Pelipper, M|43/100 par\n|-damage|p1a: Wet Ass Pelipper|18/100 par|[from] Stealth Rock\n|-weather|RainDance|[from] ability: Drizzle|[of] p1a: Wet Ass Pelipper\n|turn|28\n|\n|t:|1788288515\n|move|p2a: Sage Harpuia|Moonblast|p1a: Wet Ass Pelipper\n|-damage|p1a: Wet Ass Pelipper|0 fnt\n|faint|p1a: Wet Ass Pelipper\n|\n|-weather|RainDance|[upkeep]\n|upkeep\n|\n|t:|1788288518\n|switch|p1a: Throat Goat|Raging Bolt|69/100\n|-damage|p1a: Throat Goat|45/100|[from] Spikes\n|-damage|p1a: Throat Goat|32/100|[from] Stealth Rock\n|turn|29\n|\n|t:|1788288523\n|move|p1a: Throat Goat|Thunderclap|p2a: Sage Harpuia\n|-damage|p2a: Sage Harpuia|9/100\n|move|p2a: Sage Harpuia|Moonblast|p1a: Throat Goat\n|-supereffective|p1a: Throat Goat\n|-damage|p1a: Throat Goat|0 fnt\n|faint|p1a: Throat Goat\n|-end|p1a: Throat Goat|Protosynthesis|[silent]\n|\n|-weather|RainDance|[upkeep]\n|upkeep\n|\n|t:|1788288525\n|switch|p1a: Crescent|Cresselia, F, shiny|88/100\n|-damage|p1a: Crescent|76/100|[from] Stealth Rock\n|turn|30\n|\n|t:|1788288529\n|-terastallize|p2a: Sage Harpuia|Steel\n|move|p2a: Sage Harpuia|Knock Off|p1a: Crescent\n|-supereffective|p1a: Crescent\n|-damage|p1a: Crescent|33/100\n|-enditem|p1a: Crescent|Leftovers|[from] move: Knock Off|[of] p2a: Sage Harpuia\n|move|p1a: Crescent|Moonblast|p2a: Sage Harpuia\n|-resisted|p2a: Sage Harpuia\n|-damage|p2a: Sage Harpuia|0 fnt\n|faint|p2a: Sage Harpuia\n|-end|p2a: Sage Harpuia|Quark Drive|[silent]\n|\n|win|Agent Zyn7\n|raw|Agent Zyn7's rating: 1749 &rarr; <strong>1765</strong><br />(+16 for winning)\n|raw|Acastillo631's rating: 1684 &rarr; <strong>1668</strong><br />(-16 for losing)\n|l|\u2606Acastillo631\n|player|p2|\n|l| A Tub Of Lard\n|l| G-Cis91\n", "uploadtime": 1788288566, "views": "3", "formatid": "gen9ou", "rating": 1668, "private": 0, "password": null}