{"id": "gen9ou-2673907172", "format": "[Gen 9] OU", "players": ["Agent Zyn7", "kangarooteam1"], "log": "|j|\u2606Agent Zyn7\n|j|\u2606kangarooteam1\n|t:|1788275673\n|gametype|singles\n|player|p1|Agent Zyn7|elesa|1701\n|player|p2|kangarooteam1|1|1704\n|gen|9\n|tier|[Gen 9] OU\n|rated|\n|rule|HP Percentage Mod: HP is shown in percentages\n|rule|Endless Battle Clause: Forcing endless battles is banned\n|rule|Species Clause: Limit one of each Pok\u00e9mon\n|rule|OHKO Clause: OHKO moves are banned\n|rule|Evasion Items Clause: Evasion items are banned\n|rule|Evasion Moves Clause: Evasion moves are banned\n|rule|Evasion Abilities Clause: Evasion abilities are banned\n|rule|Sleep Moves Clause: Sleep-inducing moves are banned\n|clearpoke\n|poke|p1|Pelipper, M|\n|poke|p1|Zamazenta-*|\n|poke|p1|Manaphy|\n|poke|p1|Rillaboom, M|\n|poke|p1|Enamorus, F|\n|poke|p1|Raging Bolt|\n|poke|p2|Great Tusk|\n|poke|p2|Gholdengo|\n|poke|p2|Raging Bolt|\n|poke|p2|Iron Valiant|\n|poke|p2|Ogerpon-Wellspring, F|\n|poke|p2|Kingambit, F|\n|teampreview\n|inactive|Battle timer is ON: inactive players will automatically lose when time's up. (requested by kangarooteam1)\n|\n|t:|1788275678\n|teamsize|p1|6\n|teamsize|p2|6\n|start\n|switch|p1a: Cardi Z|Zamazenta, shiny|100/100\n|switch|p2a: Raging Bolt|Raging Bolt|100/100\n|-ability|p1a: Cardi Z|Dauntless Shield|boost\n|-boost|p1a: Cardi Z|def|1\n|turn|1\n|\n|t:|1788275680\n|move|p1a: Cardi Z|Light Screen|p1a: Cardi Z\n|-sidestart|p1: Agent Zyn7|move: Light Screen\n|move|p2a: Raging Bolt|Thunderbolt|p1a: Cardi Z\n|-damage|p1a: Cardi Z|77/100\n|\n|upkeep\n|turn|2\n|\n|t:|1788275682\n|move|p1a: Cardi Z|Body Press|p2a: Raging Bolt\n|-damage|p2a: Raging Bolt|57/100\n|move|p2a: Raging Bolt|Calm Mind|p2a: Raging Bolt\n|-boost|p2a: Raging Bolt|spa|1\n|-boost|p2a: Raging Bolt|spd|1\n|\n|-heal|p2a: Raging Bolt|63/100|[from] item: Leftovers\n|upkeep\n|turn|3\n|\n|t:|1788275684\n|move|p1a: Cardi Z|Body Press|p2a: Raging Bolt\n|-damage|p2a: Raging Bolt|16/100\n|move|p2a: Raging Bolt|Thunderbolt|p1a: Cardi Z\n|-damage|p1a: Cardi Z|45/100\n|\n|-heal|p2a: Raging Bolt|22/100|[from] item: Leftovers\n|upkeep\n|turn|4\n|\n|t:|1788275688\n|-end|p2a: Raging Bolt|Protosynthesis|[silent]\n|switch|p2a: Gholdengo|Gholdengo|100/100\n|-item|p2a: Gholdengo|Air Balloon\n|move|p1a: Cardi Z|Body Press|p2a: Gholdengo\n|-immune|p2a: Gholdengo\n|\n|upkeep\n|turn|5\n|\n|t:|1788275691\n|switch|p1a: Wet Ass Pelipper|Pelipper, M|100/100\n|-weather|RainDance|[from] ability: Drizzle|[of] p1a: Wet Ass Pelipper\n|move|p2a: Gholdengo|Nasty Plot|p2a: Gholdengo\n|-boost|p2a: Gholdengo|spa|2\n|\n|-weather|RainDance|[upkeep]\n|upkeep\n|turn|6\n|\n|t:|1788275693\n|move|p2a: Gholdengo|Shadow Ball|p1a: Wet Ass Pelipper\n|-damage|p1a: Wet Ass Pelipper|45/100\n|move|p1a: Wet Ass Pelipper|U-turn|p2a: Gholdengo\n|-resisted|p2a: Gholdengo\n|-damage|p2a: Gholdengo|98/100\n|-enditem|p2a: Gholdengo|Air Balloon\n|\n|t:|1788275699\n|switch|p1a: Throat Goat|Raging Bolt|100/100|[from] U-turn\n|-enditem|p1a: Throat Goat|Booster Energy\n|-activate|p1a: Throat Goat|ability: Protosynthesis|[fromitem]\n|-start|p1a: Throat Goat|protosynthesisspa\n|\n|-weather|RainDance|[upkeep]\n|upkeep\n|turn|7\n|\n|t:|1788275702\n|move|p2a: Gholdengo|Shadow Ball|p1a: Throat Goat\n|-damage|p1a: Throat Goat|61/100\n|move|p1a: Throat Goat|Thunderbolt|p2a: Gholdengo\n|-damage|p2a: Gholdengo|11/100\n|\n|-weather|RainDance|[upkeep]\n|upkeep\n|turn|8\n|\n|t:|1788275707\n|move|p2a: Gholdengo|Shadow Ball|p1a: Throat Goat\n|-damage|p1a: Throat Goat|24/100\n|move|p1a: Throat Goat|Dragon Pulse|p2a: Gholdengo\n|-resisted|p2a: Gholdengo\n|-damage|p2a: Gholdengo|0 fnt\n|faint|p2a: Gholdengo\n|\n|-weather|RainDance|[upkeep]\n|-sideend|p1: Agent Zyn7|move: Light Screen\n|upkeep\n|\n|t:|1788275708\n|switch|p2a: Great Tusk|Great Tusk|100/100\n|turn|9\n|\n|t:|1788275712\n|-end|p2a: Great Tusk|Protosynthesis|[silent]\n|switch|p2a: Iron Valiant|Iron Valiant|100/100\n|-enditem|p2a: Iron Valiant|Booster Energy\n|-activate|p2a: Iron Valiant|ability: Quark Drive|[fromitem]\n|-start|p2a: Iron Valiant|quarkdrivespe\n|-end|p1a: Throat Goat|Protosynthesis|[silent]\n|switch|p1a: Cupcakke|Enamorus, F|100/100\n|\n|-weather|RainDance|[upkeep]\n|upkeep\n|turn|10\n|\n|t:|1788275715\n|move|p2a: Iron Valiant|Thunderbolt|p1a: Cupcakke\n|-supereffective|p1a: Cupcakke\n|-damage|p1a: Cupcakke|20/100\n|-status|p1a: Cupcakke|par\n|move|p1a: Cupcakke|Moonblast|p2a: Iron Valiant\n|-supereffective|p2a: Iron Valiant\n|-damage|p2a: Iron Valiant|0 fnt\n|faint|p2a: Iron Valiant\n|-end|p2a: Iron Valiant|Quark Drive|[silent]\n|\n|-weather|RainDance|[upkeep]\n|upkeep\n|\n|t:|1788275717\n|switch|p2a: Raging Bolt|Raging Bolt|22/100\n|turn|11\n|\n|t:|1788275719\n|switch|p1a: Megan Thee Monkey|Rillaboom, M, shiny|100/100\n|-fieldstart|move: Grassy Terrain|[from] ability: Grassy Surge|[of] p1a: Megan Thee Monkey\n|move|p2a: Raging Bolt|Thunderbolt|p1a: Megan Thee Monkey\n|-resisted|p1a: Megan Thee Monkey\n|-damage|p1a: Megan Thee Monkey|66/100\n|\n|-weather|RainDance|[upkeep]\n|-heal|p1a: Megan Thee Monkey|72/100|[from] Grassy Terrain\n|-heal|p2a: Raging Bolt|29/100|[from] Grassy Terrain\n|-heal|p2a: Raging Bolt|35/100|[from] item: Leftovers\n|upkeep\n|turn|12\n|\n|t:|1788275722\n|-end|p2a: Raging Bolt|Protosynthesis|[silent]\n|switch|p2a: Kingambit|Kingambit, F|100/100\n|-activate|p2a: Kingambit|ability: Supreme Overlord\n|-start|p2a: Kingambit|fallen2|[silent]\n|move|p1a: Megan Thee Monkey|Grassy Glide|p2a: Kingambit\n|-resisted|p2a: Kingambit\n|-damage|p2a: Kingambit|82/100\n|-damage|p1a: Megan Thee Monkey|62/100|[from] item: Life Orb\n|\n|-weather|none\n|-heal|p1a: Megan Thee Monkey|69/100|[from] Grassy Terrain\n|-heal|p2a: Kingambit|88/100|[from] Grassy Terrain\n|-heal|p2a: Kingambit|95/100|[from] item: Leftovers\n|upkeep\n|turn|13\n|\n|t:|1788275725\n|move|p1a: Megan Thee Monkey|High Horsepower|p2a: Kingambit\n|-supereffective|p2a: Kingambit\n|-damage|p2a: Kingambit|23/100\n|-damage|p1a: Megan Thee Monkey|59/100|[from] item: Life Orb\n|move|p2a: Kingambit|Swords Dance|p2a: Kingambit\n|-boost|p2a: Kingambit|atk|2\n|\n|-heal|p1a: Megan Thee Monkey|65/100|[from] Grassy Terrain\n|-heal|p2a: Kingambit|29/100|[from] Grassy Terrain\n|-heal|p2a: Kingambit|36/100|[from] item: Leftovers\n|upkeep\n|turn|14\n|\n|t:|1788275734\n|move|p1a: Megan Thee Monkey|Grassy Glide|p2a: Kingambit\n|-resisted|p2a: Kingambit\n|-damage|p2a: Kingambit|16/100\n|-damage|p1a: Megan Thee Monkey|55/100|[from] item: Life Orb\n|move|p2a: Kingambit|Sucker Punch||[still]\n|-fail|p2a: Kingambit\n|\n|-heal|p1a: Megan Thee Monkey|61/100|[from] Grassy Terrain\n|-heal|p2a: Kingambit|23/100|[from] Grassy Terrain\n|-heal|p2a: Kingambit|29/100|[from] item: Leftovers\n|upkeep\n|turn|15\n|\n|t:|1788275741\n|switch|p1a: Wet Ass Pelipper|Pelipper, M|45/100\n|-weather|RainDance|[from] ability: Drizzle|[of] p1a: Wet Ass Pelipper\n|move|p2a: Kingambit|Sucker Punch||[still]\n|-fail|p2a: Kingambit\n|\n|-weather|RainDance|[upkeep]\n|-heal|p2a: Kingambit|35/100|[from] Grassy Terrain\n|-heal|p2a: Kingambit|41/100|[from] item: Leftovers\n|-fieldend|move: Grassy Terrain\n|upkeep\n|turn|16\n|\n|t:|1788275746\n|move|p2a: Kingambit|Sucker Punch|p1a: Wet Ass Pelipper\n|-damage|p1a: Wet Ass Pelipper|0 fnt\n|faint|p1a: Wet Ass Pelipper\n|\n|-weather|RainDance|[upkeep]\n|-heal|p2a: Kingambit|48/100|[from] item: Leftovers\n|upkeep\n|\n|t:|1788275747\n|switch|p1a: Cardi Z|Zamazenta, shiny|45/100\n|turn|17\n|\n|t:|1788275749\n|-terastallize|p2a: Kingambit|Ghost\n|move|p1a: Cardi Z|Reflect|p1a: Cardi Z\n|-sidestart|p1: Agent Zyn7|Reflect\n|move|p2a: Kingambit|Iron Head|p1a: Cardi Z\n|-crit|p1a: Cardi Z\n|-damage|p1a: Cardi Z|0 fnt\n|faint|p1a: Cardi Z\n|\n|-weather|RainDance|[upkeep]\n|-heal|p2a: Kingambit|54/100|[from] item: Leftovers\n|upkeep\n|\n|t:|1788275753\n|switch|p1a: Make It Drop|Manaphy|100/100\n|turn|18\n|\n|t:|1788275755\n|move|p1a: Make It Drop|Tail Glow|p1a: Make It Drop\n|-boost|p1a: Make It Drop|spa|3\n|move|p2a: Kingambit|Kowtow Cleave|p1a: Make It Drop\n|-damage|p1a: Make It Drop|52/100\n|\n|-weather|RainDance|[upkeep]\n|-heal|p2a: Kingambit|60/100|[from] item: Leftovers\n|upkeep\n|turn|19\n|\n|t:|1788275759\n|move|p2a: Kingambit|Sucker Punch||[still]\n|-fail|p2a: Kingambit\n|move|p1a: Make It Drop|Rest|p1a: Make It Drop\n|-status|p1a: Make It Drop|slp|[from] move: Rest\n|-heal|p1a: Make It Drop|100/100 slp|[silent]\n|\n|-weather|RainDance|[upkeep]\n|-activate|p1a: Make It Drop|ability: Hydration\n|-curestatus|p1a: Make It Drop|slp|[msg]\n|-heal|p2a: Kingambit|66/100|[from] item: Leftovers\n|upkeep\n|turn|20\n|\n|t:|1788275761\n|move|p1a: Make It Drop|Surf|p2a: Kingambit\n|-damage|p2a: Kingambit|0 fnt\n|faint|p2a: Kingambit\n|-end|p2a: Kingambit|fallen2|[silent]\n|\n|-weather|RainDance|[upkeep]\n|upkeep\n|\n|t:|1788275762\n|switch|p2a: Ogerpon|Ogerpon-Wellspring, F|100/100\n|turn|21\n|\n|t:|1788275770\n|-terastallize|p1a: Make It Drop|Fairy\n|move|p2a: Ogerpon|Power Whip|p1a: Make It Drop\n|-damage|p1a: Make It Drop|69/100\n|move|p1a: Make It Drop|Alluring Voice|p2a: Ogerpon\n|-damage|p2a: Ogerpon|0 fnt\n|faint|p2a: Ogerpon\n|\n|-weather|RainDance|[upkeep]\n|upkeep\n|\n|t:|1788275771\n|switch|p2a: Raging Bolt|Raging Bolt|35/100\n|turn|22\n|j| irunmyhandsthruit\n|\n|t:|1788275792\n|move|p1a: Make It Drop|Alluring Voice|p2a: Raging Bolt\n|-supereffective|p2a: Raging Bolt\n|-damage|p2a: Raging Bolt|0 fnt\n|faint|p2a: Raging Bolt\n|-end|p2a: Raging Bolt|Protosynthesis|[silent]\n|\n|-weather|none\n|upkeep\n|\n|t:|1788275792\n|switch|p2a: Great Tusk|Great Tusk|100/100\n|turn|23\n|\n|t:|1788275794\n|move|p1a: Make It Drop|Surf|p2a: Great Tusk\n|-supereffective|p2a: Great Tusk\n|-damage|p2a: Great Tusk|0 fnt\n|faint|p2a: Great Tusk\n|-end|p2a: Great Tusk|Protosynthesis|[silent]\n|\n|win|Agent Zyn7\n|raw|Agent Zyn7's rating: 1701 &rarr; <strong>1721</strong><br />(+20 for winning)\n|raw|kangarooteam1's rating: 1704 &rarr; <strong>1684</strong><br />(-20 for losing)\n|l|\u2606kangarooteam1\n|player|p2|\n|l| irunmyhandsthruit\n", "uploadtime": 1788275795, "views": "0", "formatid": "gen9ou", "rating": 1684, "private": 0, "password": null}