{"id": "gen9ou-2673868591", "format": "[Gen 9] OU", "players": ["l3asses", "Redoranges101"], "log": "|j|\u2606l3asses\n|j|\u2606Redoranges101\n|t:|1788270868\n|gametype|singles\n|player|p1|l3asses|102|1409\n|player|p2|Redoranges101|170|1439\n|gen|9\n|tier|[Gen 9] OU\n|rated|\n|rule|HP Percentage Mod: HP is shown in percentages\n|rule|Endless Battle Clause: Forcing endless battles is banned\n|rule|Species Clause: Limit one of each Pok\u00e9mon\n|rule|OHKO Clause: OHKO moves are banned\n|rule|Evasion Items Clause: Evasion items are banned\n|rule|Evasion Moves Clause: Evasion moves are banned\n|rule|Evasion Abilities Clause: Evasion abilities are banned\n|rule|Sleep Moves Clause: Sleep-inducing moves are banned\n|clearpoke\n|poke|p1|Alomomola, M|\n|poke|p1|Raging Bolt|\n|poke|p1|Dondozo, F|\n|poke|p1|Kingambit, M|\n|poke|p1|Hatterene, F|\n|poke|p1|Mamoswine, M|\n|poke|p2|Darkrai|\n|poke|p2|Garchomp, F|\n|poke|p2|Alomomola, M|\n|poke|p2|Corviknight, M|\n|poke|p2|Weezing-Galar, F|\n|poke|p2|Ogerpon, F|\n|teampreview\n|inactive|Battle timer is ON: inactive players will automatically lose when time's up. (requested by Redoranges101)\n|\n|t:|1788270894\n|teamsize|p1|6\n|teamsize|p2|6\n|start\n|switch|p1a: Mamoswine|Mamoswine, M|100/100\n|switch|p2a: Weezing|Weezing-Galar, F|100/100\n|-ability|p2a: Weezing|Neutralizing Gas\n|turn|1\n|\n|t:|1788270903\n|switch|p1a: Hatterene|Hatterene, F|100/100\n|-end|p2a: Weezing|ability: Neutralizing Gas\n|switch|p2a: Corviknight|Corviknight, M|100/100\n|-ability|p2a: Corviknight|Pressure\n|\n|upkeep\n|turn|2\n|\n|t:|1788270913\n|move|p2a: Corviknight|U-turn|p1a: Hatterene\n|-damage|p1a: Hatterene|85/100\n|\n|t:|1788270919\n|switch|p2a: Garchomp|Garchomp, F|100/100|[from] U-turn\n|move|p1a: Hatterene|Mystical Fire|p2a: Garchomp\n|-resisted|p2a: Garchomp\n|-damage|p2a: Garchomp|89/100\n|-unboost|p2a: Garchomp|spa|1\n|\n|upkeep\n|turn|3\n|\n|t:|1788270926\n|switch|p2a: Weezing|Weezing-Galar, F|100/100\n|-ability|p2a: Weezing|Neutralizing Gas\n|move|p1a: Hatterene|Draining Kiss|p2a: Weezing\n|-resisted|p2a: Weezing\n|-damage|p2a: Weezing|82/100\n|-heal|p1a: Hatterene|99/100|[from] drain|[of] p2a: Weezing\n|\n|-heal|p2a: Weezing|88/100|[from] item: Leftovers\n|upkeep\n|turn|4\n|\n|t:|1788270931\n|move|p2a: Weezing|Sludge Bomb|p1a: Hatterene\n|-supereffective|p1a: Hatterene\n|-damage|p1a: Hatterene|65/100\n|-status|p1a: Hatterene|psn\n|move|p1a: Hatterene|Psyshock|p2a: Weezing\n|-supereffective|p2a: Weezing\n|-damage|p2a: Weezing|29/100\n|\n|-heal|p2a: Weezing|35/100|[from] item: Leftovers\n|-damage|p1a: Hatterene|53/100 psn|[from] psn\n|upkeep\n|turn|5\n|\n|t:|1788270942\n|-end|p2a: Weezing|ability: Neutralizing Gas\n|switch|p2a: Darkrai|Darkrai|100/100\n|move|p1a: Hatterene|Nuzzle|p2a: Darkrai\n|-damage|p2a: Darkrai|96/100\n|-status|p2a: Darkrai|par\n|\n|-damage|p1a: Hatterene|40/100 psn|[from] psn\n|upkeep\n|turn|6\n|\n|t:|1788270950\n|cant|p2a: Darkrai|par\n|move|p1a: Hatterene|Draining Kiss|p2a: Darkrai\n|-supereffective|p2a: Darkrai\n|-damage|p2a: Darkrai|24/100 par\n|-heal|p1a: Hatterene|88/100 psn|[from] drain|[of] p2a: Darkrai\n|\n|-damage|p1a: Hatterene|75/100 psn|[from] psn\n|upkeep\n|turn|7\n|\n|t:|1788270952\n|cant|p2a: Darkrai|par\n|move|p1a: Hatterene|Draining Kiss|p2a: Darkrai\n|-supereffective|p2a: Darkrai\n|-damage|p2a: Darkrai|0 fnt\n|-heal|p1a: Hatterene|91/100 psn|[from] drain|[of] p2a: Darkrai\n|faint|p2a: Darkrai\n|\n|-damage|p1a: Hatterene|79/100 psn|[from] psn\n|upkeep\n|\n|t:|1788270957\n|switch|p2a: Weezing|Weezing-Galar, F|35/100\n|-ability|p2a: Weezing|Neutralizing Gas\n|turn|8\n|\n|t:|1788270979\n|move|p2a: Weezing|Sludge Bomb|p1a: Hatterene\n|-supereffective|p1a: Hatterene\n|-damage|p1a: Hatterene|41/100 psn\n|move|p1a: Hatterene|Psyshock|p2a: Weezing\n|-supereffective|p2a: Weezing\n|-damage|p2a: Weezing|0 fnt\n|faint|p2a: Weezing\n|-end|p2a: Weezing|ability: Neutralizing Gas\n|\n|-damage|p1a: Hatterene|29/100 psn|[from] psn\n|upkeep\n|\n|t:|1788270993\n|switch|p2a: Garchomp|Garchomp, F|89/100\n|turn|9\n|\n|t:|1788270995\n|move|p2a: Garchomp|Earthquake|p1a: Hatterene\n|-damage|p1a: Hatterene|0 fnt\n|faint|p1a: Hatterene\n|\n|upkeep\n|\n|t:|1788271002\n|switch|p1a: Mamoswine|Mamoswine, M|100/100\n|turn|10\n|\n|t:|1788271011\n|move|p1a: Mamoswine|Icicle Crash|p2a: Garchomp\n|-supereffective|p2a: Garchomp\n|-damage|p2a: Garchomp|0 fnt\n|faint|p2a: Garchomp\n|\n|upkeep\n|\n|t:|1788271016\n|switch|p2a: Ogerpon|Ogerpon, F|100/100\n|turn|11\n|\n|t:|1788271020\n|move|p2a: Ogerpon|Swords Dance|p2a: Ogerpon\n|-boost|p2a: Ogerpon|atk|2\n|move|p1a: Mamoswine|Icicle Crash|p2a: Ogerpon\n|-supereffective|p2a: Ogerpon\n|-crit|p2a: Ogerpon\n|-damage|p2a: Ogerpon|0 fnt\n|faint|p2a: Ogerpon\n|\n|upkeep\n|-message|Redoranges101 forfeited.\n|\n|win|l3asses\n|raw|l3asses's rating: 1409 &rarr; <strong>1431</strong><br />(+22 for winning)\n|raw|Redoranges101's rating: 1439 &rarr; <strong>1417</strong><br />(-22 for losing)\n|l|\u2606Redoranges101\n|player|p2|\n|l|\u2606l3asses\n|player|p1|\n", "uploadtime": 1788271212, "views": "0", "formatid": "gen9ou", "rating": 1417, "private": 0, "password": null}