{"id": "gen9ou-2674016360", "format": "[Gen 9] OU", "players": ["GavilarKholin", "kangarooteam1"], "log": "|badge|p1|bronze|gen9lc|100-10\n|uhtml|medal-msg|<div class=\"broadcast-blue\">Curious what those medals under the avatar are? PS now has Ladder Seasons! For more information, check out the <a href=\"https://www.smogon.com/forums/threads/3740067/\">thread on Smogon.</a></div>\n|j|\u2606GavilarKholin\n|j|\u2606kangarooteam1\n|t:|1788288558\n|gametype|singles\n|player|p1|GavilarKholin|fantina|1666\n|player|p2|kangarooteam1|1|1650\n|gen|9\n|tier|[Gen 9] OU\n|rated|\n|rule|HP Percentage Mod: HP is shown in percentages\n|rule|Endless Battle Clause: Forcing endless battles is banned\n|rule|Species Clause: Limit one of each Pok\u00e9mon\n|rule|OHKO Clause: OHKO moves are banned\n|rule|Evasion Items Clause: Evasion items are banned\n|rule|Evasion Moves Clause: Evasion moves are banned\n|rule|Evasion Abilities Clause: Evasion abilities are banned\n|rule|Sleep Moves Clause: Sleep-inducing moves are banned\n|clearpoke\n|poke|p1|Alomomola, M|\n|poke|p1|Iron Crown|\n|poke|p1|Zamazenta-*|\n|poke|p1|Pecharunt|\n|poke|p1|Gliscor, M|\n|poke|p1|Weavile, F|\n|poke|p2|Great Tusk|\n|poke|p2|Gholdengo|\n|poke|p2|Raging Bolt|\n|poke|p2|Iron Valiant|\n|poke|p2|Ogerpon-Wellspring, F|\n|poke|p2|Kingambit, F|\n|teampreview\n|j| A Tub Of Lard\n|inactive|Battle timer is ON: inactive players will automatically lose when time's up. (requested by kangarooteam1)\n|inactive|GavilarKholin has 120 seconds left.\n|\n|t:|1788288594\n|teamsize|p1|6\n|teamsize|p2|6\n|start\n|switch|p1a: Gliscor|Gliscor, M|100/100\n|switch|p2a: Gholdengo|Gholdengo|100/100\n|-item|p2a: Gholdengo|Air Balloon\n|turn|1\n|\n|t:|1788288597\n|switch|p1a: Weavile|Weavile, F|100/100\n|-ability|p1a: Weavile|Pressure\n|move|p2a: Gholdengo|Nasty Plot|p2a: Gholdengo\n|-boost|p2a: Gholdengo|spa|2\n|\n|upkeep\n|turn|2\n|j| Kingston9629\n|inactive|GavilarKholin has 120 seconds left.\n|\n|t:|1788288653\n|-terastallize|p2a: Gholdengo|Fairy\n|move|p1a: Weavile|Knock Off|p2a: Gholdengo\n|-resisted|p2a: Gholdengo\n|-damage|p2a: Gholdengo|72/100\n|-enditem|p2a: Gholdengo|Air Balloon\n|move|p2a: Gholdengo|Make It Rain|p1a: Weavile\n|-supereffective|p1a: Weavile\n|-damage|p1a: Weavile|0 fnt\n|-unboost|p2a: Gholdengo|spa|1\n|faint|p1a: Weavile\n|\n|upkeep\n|\n|t:|1788288656\n|switch|p1a: Iron Crown|Iron Crown|100/100\n|turn|3\n|j| Rocketlife\n|\n|t:|1788288665\n|switch|p2a: Raging Bolt|Raging Bolt|100/100\n|move|p1a: Iron Crown|Psyshock|p2a: Raging Bolt\n|-damage|p2a: Raging Bolt|50/100\n|\n|-heal|p2a: Raging Bolt|56/100|[from] item: Leftovers\n|upkeep\n|turn|4\n|\n|t:|1788288672\n|-end|p1a: Iron Crown|Quark Drive|[silent]\n|switch|p1a: Gliscor|Gliscor, M|100/100\n|move|p2a: Raging Bolt|Thunderbolt|p1a: Gliscor\n|-immune|p1a: Gliscor\n|\n|-heal|p2a: Raging Bolt|63/100|[from] item: Leftovers\n|-status|p1a: Gliscor|tox|[from] item: Toxic Orb\n|upkeep\n|turn|5\n|\n|t:|1788288680\n|move|p1a: Gliscor|Spikes|p2a: Raging Bolt\n|-sidestart|p2: kangarooteam1|Spikes\n|move|p2a: Raging Bolt|Dragon Pulse|p1a: Gliscor\n|-damage|p1a: Gliscor|54/100 tox\n|\n|-heal|p2a: Raging Bolt|69/100|[from] item: Leftovers\n|-heal|p1a: Gliscor|67/100 tox|[from] ability: Poison Heal\n|upkeep\n|turn|6\n|\n|t:|1788288681\n|move|p1a: Gliscor|Earthquake|p2a: Raging Bolt\n|-supereffective|p2a: Raging Bolt\n|-damage|p2a: Raging Bolt|14/100\n|move|p2a: Raging Bolt|Dragon Pulse|p1a: Gliscor\n|-crit|p1a: Gliscor\n|-damage|p1a: Gliscor|0 fnt\n|faint|p1a: Gliscor\n|\n|-heal|p2a: Raging Bolt|21/100|[from] item: Leftovers\n|upkeep\n|inactive|GavilarKholin has 120 seconds left.\n|\n|t:|1788288695\n|switch|p1a: Iron Crown|Iron Crown|100/100\n|turn|7\n|\n|t:|1788288701\n|move|p2a: Raging Bolt|Thunderclap|p1a: Iron Crown\n|-damage|p1a: Iron Crown|61/100\n|move|p1a: Iron Crown|Psyshock|p2a: Raging Bolt\n|-damage|p2a: Raging Bolt|0 fnt\n|faint|p2a: Raging Bolt\n|-end|p2a: Raging Bolt|Protosynthesis|[silent]\n|\n|upkeep\n|l| Rocketlife\n|\n|t:|1788288703\n|switch|p2a: Great Tusk|Great Tusk|100/100\n|-damage|p2a: Great Tusk|88/100|[from] Spikes\n|turn|8\n|\n|t:|1788288705\n|move|p1a: Iron Crown|Psyshock|p2a: Great Tusk\n|-supereffective|p2a: Great Tusk\n|-damage|p2a: Great Tusk|29/100\n|move|p2a: Great Tusk|Earthquake|p1a: Iron Crown\n|-supereffective|p1a: Iron Crown\n|-damage|p1a: Iron Crown|0 fnt\n|faint|p1a: Iron Crown\n|-end|p1a: Iron Crown|Quark Drive|[silent]\n|\n|-heal|p2a: Great Tusk|35/100|[from] item: Leftovers\n|upkeep\n|j| G-Cis91\n|l| A Tub Of Lard\n|\n|t:|1788288719\n|switch|p1a: Pecharunt|Pecharunt|100/100\n|turn|9\n|\n|t:|1788288723\n|move|p2a: Great Tusk|Earthquake|p1a: Pecharunt\n|-supereffective|p1a: Pecharunt\n|-crit|p1a: Pecharunt\n|-damage|p1a: Pecharunt|37/100\n|move|p1a: Pecharunt|Malignant Chain|p2a: Great Tusk\n|-resisted|p2a: Great Tusk\n|-damage|p2a: Great Tusk|16/100\n|\n|-heal|p2a: Great Tusk|22/100|[from] item: Leftovers\n|upkeep\n|turn|10\n|\n|t:|1788288728\n|switch|p1a: Alomomola|Alomomola, M|100/100\n|move|p2a: Great Tusk|Earthquake|p1a: Alomomola\n|-damage|p1a: Alomomola|68/100\n|\n|-heal|p2a: Great Tusk|29/100|[from] item: Leftovers\n|upkeep\n|turn|11\n|\n|t:|1788288730\n|move|p2a: Great Tusk|Rapid Spin|p1a: Alomomola\n|-damage|p1a: Alomomola|57/100\n|-boost|p2a: Great Tusk|spe|1\n|-sideend|p2: kangarooteam1|Spikes|[from] move: Rapid Spin|[of] p2a: Great Tusk\n|move|p1a: Alomomola|Wish|p1a: Alomomola\n|\n|-heal|p2a: Great Tusk|35/100|[from] item: Leftovers\n|upkeep\n|turn|12\n|\n|t:|1788288735\n|-end|p2a: Great Tusk|Protosynthesis|[silent]\n|switch|p2a: Ogerpon|Ogerpon-Wellspring, F|100/100\n|switch|p1a: Pecharunt|Pecharunt|37/100\n|\n|-heal|p1a: Pecharunt|100/100|[from] move: Wish|[wisher] Alomomola\n|upkeep\n|turn|13\n|\n|t:|1788288739\n|move|p2a: Ogerpon|U-turn|p1a: Pecharunt\n|-resisted|p1a: Pecharunt\n|-damage|p1a: Pecharunt|98/100\n|\n|t:|1788288740\n|switch|p2a: Kingambit|Kingambit, F|100/100|[from] U-turn\n|-activate|p2a: Kingambit|ability: Supreme Overlord\n|-start|p2a: Kingambit|fallen1|[silent]\n|move|p1a: Pecharunt|Malignant Chain|p2a: Kingambit\n|-immune|p2a: Kingambit\n|\n|upkeep\n|turn|14\n|\n|t:|1788288742\n|-end|p2a: Kingambit|fallen1|[silent]\n|switch|p2a: Gholdengo|Gholdengo, tera:Fairy|72/100\n|move|p1a: Pecharunt|Parting Shot|p2a: Gholdengo\n|-immune|p2a: Gholdengo|[from] ability: Good as Gold\n|\n|upkeep\n|turn|15\n|\n|t:|1788288747\n|switch|p1a: Alomomola|Alomomola, M|91/100\n|move|p2a: Gholdengo|Shadow Ball|p1a: Alomomola\n|-damage|p1a: Alomomola|61/100\n|\n|upkeep\n|turn|16\n|\n|t:|1788288755\n|switch|p1a: Pecharunt|Pecharunt|98/100\n|move|p2a: Gholdengo|Nasty Plot|p2a: Gholdengo\n|-boost|p2a: Gholdengo|spa|2\n|\n|upkeep\n|turn|17\n|\n|t:|1788288757\n|-terastallize|p1a: Pecharunt|Dark\n|move|p2a: Gholdengo|Shadow Ball|p1a: Pecharunt\n|-resisted|p1a: Pecharunt\n|-damage|p1a: Pecharunt|54/100\n|move|p1a: Pecharunt|Malignant Chain|p2a: Gholdengo\n|-supereffective|p2a: Gholdengo\n|-damage|p2a: Gholdengo|3/100\n|-status|p2a: Gholdengo|tox\n|-start|p2a: Gholdengo|confusion|[from] ability: Poison Puppeteer|[of] p1a: Pecharunt\n|\n|-damage|p2a: Gholdengo|0 fnt|[from] psn\n|faint|p2a: Gholdengo\n|upkeep\n|\n|t:|1788288759\n|switch|p2a: Iron Valiant|Iron Valiant|100/100\n|-enditem|p2a: Iron Valiant|Booster Energy\n|-activate|p2a: Iron Valiant|ability: Quark Drive|[fromitem]\n|-start|p2a: Iron Valiant|quarkdrivespe\n|turn|18\n|j| A Tub Of Lard\n|\n|t:|1788288772\n|switch|p1a: Alomomola|Alomomola, M|94/100\n|move|p2a: Iron Valiant|Moonblast|p1a: Alomomola\n|-damage|p1a: Alomomola|59/100\n|-unboost|p1a: Alomomola|spa|1\n|\n|upkeep\n|turn|19\n|\n|t:|1788288776\n|move|p2a: Iron Valiant|Thunderbolt|p1a: Alomomola\n|-supereffective|p1a: Alomomola\n|-damage|p1a: Alomomola|19/100\n|move|p1a: Alomomola|Wish|p1a: Alomomola\n|\n|upkeep\n|turn|20\n|\n|t:|1788288780\n|move|p1a: Alomomola|Protect|p1a: Alomomola\n|-singleturn|p1a: Alomomola|Protect\n|move|p2a: Iron Valiant|Moonblast|p1a: Alomomola\n|-activate|p1a: Alomomola|move: Protect\n|\n|-heal|p1a: Alomomola|69/100|[from] move: Wish|[wisher] Alomomola\n|upkeep\n|turn|21\n|\n|t:|1788288782\n|move|p2a: Iron Valiant|Encore|p1a: Alomomola\n|-start|p1a: Alomomola|Encore\n|move|p1a: Alomomola|Protect||[still]\n|-fail|p1a: Alomomola\n|\n|upkeep\n|turn|22\n|\n|t:|1788288785\n|switch|p1a: Pecharunt|Pecharunt, tera:Dark|54/100\n|move|p2a: Iron Valiant|Moonblast|p1a: Pecharunt\n|-supereffective|p1a: Pecharunt\n|-damage|p1a: Pecharunt|0 fnt\n|faint|p1a: Pecharunt\n|\n|upkeep\n|\n|t:|1788288788\n|switch|p1a: Alomomola|Alomomola, M|100/100\n|turn|23\n|\n|t:|1788288793\n|-end|p2a: Iron Valiant|Quark Drive|[silent]\n|switch|p2a: Ogerpon|Ogerpon-Wellspring, F|100/100\n|move|p1a: Alomomola|Mirror Coat||[still]\n|-fail|p1a: Alomomola\n|\n|upkeep\n|turn|24\n|-message|GavilarKholin forfeited.\n|\n|win|kangarooteam1\n|raw|GavilarKholin's rating: 1666 &rarr; <strong>1645</strong><br />(-21 for losing)\n|raw|kangarooteam1's rating: 1650 &rarr; <strong>1671</strong><br />(+21 for winning)\n|l|\u2606GavilarKholin\n|player|p1|\n", "uploadtime": 1788288798, "views": "1", "formatid": "gen9ou", "rating": 1645, "private": 0, "password": null}