{"id": "gen9ou-2674029066", "format": "[Gen 9] OU", "players": ["teatgrusk", "Prav33n"], "log": "|j|\u2606teatgrusk\n|j|\u2606Prav33n\n|t:|1788290096\n|gametype|singles\n|player|p1|teatgrusk|2|1622\n|player|p2|Prav33n|koga|1652\n|gen|9\n|tier|[Gen 9] OU\n|rated|\n|rule|HP Percentage Mod: HP is shown in percentages\n|rule|Endless Battle Clause: Forcing endless battles is banned\n|rule|Species Clause: Limit one of each Pok\u00e9mon\n|rule|OHKO Clause: OHKO moves are banned\n|rule|Evasion Items Clause: Evasion items are banned\n|rule|Evasion Moves Clause: Evasion moves are banned\n|rule|Evasion Abilities Clause: Evasion abilities are banned\n|rule|Sleep Moves Clause: Sleep-inducing moves are banned\n|clearpoke\n|poke|p1|Rillaboom, M|\n|poke|p1|Ogerpon, F|\n|poke|p1|Raging Bolt|\n|poke|p1|Pecharunt|\n|poke|p1|Samurott-Hisui, M|\n|poke|p1|Garganacl, M|\n|poke|p2|Samurott-Hisui, F|\n|poke|p2|Gholdengo|\n|poke|p2|Gliscor, F|\n|poke|p2|Zamazenta-*|\n|poke|p2|Kyurem|\n|poke|p2|Glimmora, M|\n|teampreview\n|inactive|Battle timer is ON: inactive players will automatically lose when time's up. (requested by Prav33n)\n|\n|t:|1788290117\n|teamsize|p1|6\n|teamsize|p2|6\n|start\n|switch|p1a: Samurott|Samurott-Hisui, M|100/100\n|switch|p2a: Kyurem|Kyurem, shiny|100/100\n|-ability|p2a: Kyurem|Pressure\n|turn|1\n|\n|t:|1788290131\n|switch|p2a: Glimmora|Glimmora, M|100/100\n|-terastallize|p1a: Samurott|Dark\n|move|p1a: Samurott|Ceaseless Edge|p2a: Glimmora\n|-damage|p2a: Glimmora|36/100\n|-activate|p2a: Glimmora|ability: Toxic Debris\n|-sidestart|p1: teatgrusk|move: Toxic Spikes\n|-sidestart|p2: Prav33n|Spikes\n|-enditem|p2a: Glimmora|Red Card|[of] p1a: Samurott\n|drag|p1a: Rillaboom|Rillaboom, M|100/100\n|-status|p1a: Rillaboom|psn\n|-fieldstart|move: Grassy Terrain|[from] ability: Grassy Surge|[of] p1a: Rillaboom\n|\n|-heal|p2a: Glimmora|42/100|[from] Grassy Terrain\n|-damage|p1a: Rillaboom|88/100 psn|[from] psn\n|upkeep\n|turn|2\n|\n|t:|1788290135\n|move|p1a: Rillaboom|Grassy Glide|p2a: Glimmora\n|-damage|p2a: Glimmora|0 fnt\n|-activate|p2a: Glimmora|ability: Toxic Debris\n|-sidestart|p1: teatgrusk|move: Toxic Spikes\n|faint|p2a: Glimmora\n|\n|-heal|p1a: Rillaboom|94/100 psn|[from] Grassy Terrain\n|-damage|p1a: Rillaboom|82/100 psn|[from] psn\n|upkeep\n|\n|t:|1788290142\n|switch|p2a: Kyurem|Kyurem, shiny|100/100\n|-damage|p2a: Kyurem|88/100|[from] Spikes\n|-ability|p2a: Kyurem|Pressure\n|turn|3\n|\n|t:|1788290161\n|switch|p1a: Garganacl|Garganacl, M|100/100\n|move|p2a: Kyurem|Earth Power|p1a: Garganacl\n|-supereffective|p1a: Garganacl\n|-damage|p1a: Garganacl|61/100\n|\n|-heal|p2a: Kyurem|94/100|[from] Grassy Terrain\n|-heal|p1a: Garganacl|68/100|[from] Grassy Terrain\n|-heal|p1a: Garganacl|74/100|[from] item: Leftovers\n|upkeep\n|turn|4\n|\n|t:|1788290177\n|move|p2a: Kyurem|Earth Power|p1a: Garganacl\n|-supereffective|p1a: Garganacl\n|-crit|p1a: Garganacl\n|-damage|p1a: Garganacl|7/100\n|-unboost|p1a: Garganacl|spd|1\n|move|p1a: Garganacl|Stealth Rock|p2a: Kyurem\n|-sidestart|p2: Prav33n|move: Stealth Rock\n|\n|-heal|p2a: Kyurem|100/100|[from] Grassy Terrain\n|-heal|p1a: Garganacl|14/100|[from] Grassy Terrain\n|-heal|p1a: Garganacl|20/100|[from] item: Leftovers\n|upkeep\n|turn|5\n|\n|t:|1788290189\n|move|p2a: Kyurem|Earth Power|p1a: Garganacl\n|-supereffective|p1a: Garganacl\n|-damage|p1a: Garganacl|0 fnt\n|faint|p1a: Garganacl\n|\n|-fieldend|move: Grassy Terrain\n|upkeep\n|\n|t:|1788290193\n|switch|p1a: Samurott|Samurott-Hisui, M, tera:Dark|100/100\n|-status|p1a: Samurott|tox\n|turn|6\n|\n|t:|1788290221\n|move|p1a: Samurott|Ceaseless Edge|p2a: Kyurem\n|-damage|p2a: Kyurem|36/100\n|-sidestart|p2: Prav33n|Spikes\n|move|p2a: Kyurem|Focus Blast|p1a: Samurott\n|-supereffective|p1a: Samurott\n|-damage|p1a: Samurott|0 fnt\n|faint|p1a: Samurott\n|\n|upkeep\n|\n|t:|1788290228\n|switch|p1a: Ogerpon|Ogerpon, F|100/100\n|-status|p1a: Ogerpon|tox\n|turn|7\n|\n|t:|1788290231\n|move|p1a: Ogerpon|Knock Off|p2a: Kyurem\n|-damage|p2a: Kyurem|0 fnt\n|-enditem|p2a: Kyurem|Assault Vest|[from] move: Knock Off|[of] p1a: Ogerpon\n|faint|p2a: Kyurem\n|\n|-damage|p1a: Ogerpon|95/100 tox|[from] psn\n|upkeep\n|\n|t:|1788290236\n|switch|p2a: Samurott|Samurott-Hisui, F|100/100\n|-damage|p2a: Samurott|84/100|[from] Spikes\n|-damage|p2a: Samurott|72/100|[from] Stealth Rock\n|turn|8\n|\n|t:|1788290253\n|switch|p1a: Rillaboom|Rillaboom, M|82/100 psn\n|-fieldstart|move: Grassy Terrain|[from] ability: Grassy Surge|[of] p1a: Rillaboom\n|move|p2a: Samurott|Ceaseless Edge|p1a: Rillaboom\n|-damage|p1a: Rillaboom|31/100 psn\n|-sidestart|p1: teatgrusk|Spikes\n|\n|-heal|p2a: Samurott|78/100|[from] Grassy Terrain\n|-heal|p1a: Rillaboom|37/100 psn|[from] Grassy Terrain\n|-damage|p1a: Rillaboom|25/100 psn|[from] psn\n|upkeep\n|turn|9\n|\n|t:|1788290261\n|move|p1a: Rillaboom|Grassy Glide|p2a: Samurott\n|-supereffective|p2a: Samurott\n|-damage|p2a: Samurott|0 fnt\n|faint|p2a: Samurott\n|\n|-heal|p1a: Rillaboom|31/100 psn|[from] Grassy Terrain\n|-damage|p1a: Rillaboom|19/100 psn|[from] psn\n|upkeep\n|\n|t:|1788290264\n|switch|p2a: Gholdengo|Gholdengo|100/100\n|-damage|p2a: Gholdengo|84/100|[from] Spikes\n|-damage|p2a: Gholdengo|78/100|[from] Stealth Rock\n|turn|10\n|\n|t:|1788290279\n|move|p1a: Rillaboom|Grassy Glide|p2a: Gholdengo\n|-resisted|p2a: Gholdengo\n|-damage|p2a: Gholdengo|47/100\n|move|p2a: Gholdengo|Nasty Plot|p2a: Gholdengo\n|-boost|p2a: Gholdengo|spa|2\n|\n|-heal|p1a: Rillaboom|25/100 psn|[from] Grassy Terrain\n|-heal|p2a: Gholdengo|53/100|[from] Grassy Terrain\n|-damage|p1a: Rillaboom|13/100 psn|[from] psn\n|upkeep\n|turn|11\n|\n|t:|1788290285\n|switch|p1a: Pecharunt|Pecharunt|100/100\n|-sideend|p1: teatgrusk|move: Toxic Spikes|[of] p1a: Pecharunt\n|move|p2a: Gholdengo|Recover|p2a: Gholdengo\n|-heal|p2a: Gholdengo|100/100\n|\n|upkeep\n|turn|12\n|\n|t:|1788290287\n|move|p2a: Gholdengo|Shadow Ball|p1a: Pecharunt\n|-supereffective|p1a: Pecharunt\n|-damage|p1a: Pecharunt|0 fnt\n|faint|p1a: Pecharunt\n|\n|-fieldend|move: Grassy Terrain\n|upkeep\n|\n|t:|1788290290\n|switch|p1a: Ogerpon|Ogerpon, F|95/100 tox\n|-damage|p1a: Ogerpon|82/100 tox|[from] Spikes\n|turn|13\n|\n|t:|1788290292\n|move|p1a: Ogerpon|Knock Off|p2a: Gholdengo\n|-supereffective|p2a: Gholdengo\n|-damage|p2a: Gholdengo|1/100\n|-enditem|p2a: Gholdengo|Shuca Berry|[from] move: Knock Off|[of] p1a: Ogerpon\n|move|p2a: Gholdengo|Shadow Ball|p1a: Ogerpon\n|-damage|p1a: Ogerpon|0 fnt\n|faint|p1a: Ogerpon\n|\n|upkeep\n|\n|t:|1788290298\n|switch|p1a: Rillaboom|Rillaboom, M|13/100 psn\n|-damage|p1a: Rillaboom|0 fnt|[from] Spikes\n|faint|p1a: Rillaboom\n|\n|t:|1788290300\n|switch|p1a: Raging Bolt|Raging Bolt|100/100\n|-damage|p1a: Raging Bolt|88/100|[from] Spikes\n|-enditem|p1a: Raging Bolt|Booster Energy\n|-activate|p1a: Raging Bolt|ability: Protosynthesis|[fromitem]\n|-start|p1a: Raging Bolt|protosynthesisspa\n|turn|14\n|\n|t:|1788290304\n|move|p1a: Raging Bolt|Dragon Pulse|p2a: Gholdengo\n|-resisted|p2a: Gholdengo\n|-damage|p2a: Gholdengo|0 fnt\n|faint|p2a: Gholdengo\n|\n|upkeep\n|\n|t:|1788290316\n|switch|p2a: Zamazenta|Zamazenta|100/100\n|-damage|p2a: Zamazenta|84/100|[from] Spikes\n|-damage|p2a: Zamazenta|78/100|[from] Stealth Rock\n|-ability|p2a: Zamazenta|Dauntless Shield|boost\n|-boost|p2a: Zamazenta|def|1\n|turn|15\n|j| DENY YOURSELF 144\n|inactive|teatgrusk has 120 seconds left.\n|inactive|teatgrusk has 90 seconds left.\n|j| Shucklepilled\n|\n|t:|1788290392\n|move|p2a: Zamazenta|Body Press|p1a: Raging Bolt\n|-damage|p1a: Raging Bolt|34/100\n|move|p1a: Raging Bolt|Calm Mind|p1a: Raging Bolt\n|-boost|p1a: Raging Bolt|spa|1\n|-boost|p1a: Raging Bolt|spd|1\n|\n|-heal|p2a: Zamazenta|84/100|[from] item: Leftovers\n|upkeep\n|turn|16\n|\n|t:|1788290398\n|move|p2a: Zamazenta|Body Press|p1a: Raging Bolt\n|-damage|p1a: Raging Bolt|0 fnt\n|faint|p1a: Raging Bolt\n|-end|p1a: Raging Bolt|Protosynthesis|[silent]\n|\n|win|Prav33n\n|raw|teatgrusk's rating: 1622 &rarr; <strong>1604</strong><br />(-18 for losing)\n|raw|Prav33n's rating: 1652 &rarr; <strong>1670</strong><br />(+18 for winning)\n|l|\u2606Prav33n\n|player|p2|\n|l|\u2606teatgrusk\n|player|p1|\n", "uploadtime": 1788290645, "views": "1", "formatid": "gen9ou", "rating": 1604, "private": 0, "password": null}