{"id": "gen9ou-2674029717", "format": "[Gen 9] OU", "players": ["arturohdez", "kangarooteam1"], "log": "|j|\u2606arturohdez\n|j|\u2606kangarooteam1\n|t:|1788290169\n|gametype|singles\n|player|p1|arturohdez|lucas|1730\n|player|p2|kangarooteam1|1|1634\n|gen|9\n|tier|[Gen 9] OU\n|rated|\n|rule|HP Percentage Mod: HP is shown in percentages\n|rule|Endless Battle Clause: Forcing endless battles is banned\n|rule|Species Clause: Limit one of each Pok\u00e9mon\n|rule|OHKO Clause: OHKO moves are banned\n|rule|Evasion Items Clause: Evasion items are banned\n|rule|Evasion Moves Clause: Evasion moves are banned\n|rule|Evasion Abilities Clause: Evasion abilities are banned\n|rule|Sleep Moves Clause: Sleep-inducing moves are banned\n|clearpoke\n|poke|p1|Deoxys-Speed|\n|poke|p1|Samurott-Hisui, M|\n|poke|p1|Kingambit, M|\n|poke|p1|Ceruledge, M|\n|poke|p1|Iron Valiant|\n|poke|p1|Zamazenta-*|\n|poke|p2|Great Tusk|\n|poke|p2|Gholdengo|\n|poke|p2|Raging Bolt|\n|poke|p2|Iron Valiant|\n|poke|p2|Ogerpon-Wellspring, F|\n|poke|p2|Kingambit, M|\n|teampreview\n|inactive|Battle timer is ON: inactive players will automatically lose when time's up. (requested by kangarooteam1)\n|\n|t:|1788290173\n|teamsize|p1|6\n|teamsize|p2|6\n|start\n|switch|p1a: Deoxys|Deoxys-Speed|100/100\n|switch|p2a: Raging Bolt|Raging Bolt|100/100\n|-ability|p1a: Deoxys|Pressure\n|turn|1\n|\n|t:|1788290176\n|move|p1a: Deoxys|Light Screen|p1a: Deoxys\n|-sidestart|p1: arturohdez|move: Light Screen\n|move|p2a: Raging Bolt|Thunderbolt|p1a: Deoxys\n|-damage|p1a: Deoxys|69/100\n|\n|upkeep\n|turn|2\n|\n|t:|1788290179\n|move|p1a: Deoxys|Taunt|p2a: Raging Bolt\n|-start|p2a: Raging Bolt|move: Taunt\n|cant|p2a: Raging Bolt|move: Taunt|Calm Mind\n|\n|upkeep\n|turn|3\n|\n|t:|1788290184\n|switch|p1a: Ceruledge|Ceruledge, M|100/100\n|move|p2a: Raging Bolt|Thunderbolt|p1a: Ceruledge\n|-damage|p1a: Ceruledge|76/100\n|\n|upkeep\n|turn|4\n|\n|t:|1788290188\n|move|p1a: Ceruledge|Swords Dance|p1a: Ceruledge\n|-boost|p1a: Ceruledge|atk|2\n|move|p2a: Raging Bolt|Thunderbolt|p1a: Ceruledge\n|-damage|p1a: Ceruledge|48/100\n|\n|-end|p2a: Raging Bolt|move: Taunt\n|upkeep\n|turn|5\n|\n|t:|1788290192\n|move|p1a: Ceruledge|Poltergeist|p2a: Raging Bolt\n|-activate|p2a: Raging Bolt|move: Poltergeist|Leftovers\n|-damage|p2a: Raging Bolt|0 fnt\n|faint|p2a: Raging Bolt\n|-end|p2a: Raging Bolt|Protosynthesis|[silent]\n|\n|upkeep\n|\n|t:|1788290194\n|switch|p2a: Great Tusk|Great Tusk|100/100\n|turn|6\n|\n|t:|1788290209\n|move|p2a: Great Tusk|Earthquake|p1a: Ceruledge\n|-supereffective|p1a: Ceruledge\n|-damage|p1a: Ceruledge|0 fnt\n|faint|p1a: Ceruledge\n|\n|upkeep\n|\n|t:|1788290213\n|switch|p1a: Deoxys|Deoxys-Speed|69/100\n|-ability|p1a: Deoxys|Pressure\n|turn|7\n|\n|t:|1788290216\n|-terastallize|p2a: Great Tusk|Steel\n|move|p1a: Deoxys|Reflect|p1a: Deoxys\n|-sidestart|p1: arturohdez|Reflect\n|move|p2a: Great Tusk|Knock Off|p1a: Deoxys\n|-supereffective|p1a: Deoxys\n|-damage|p1a: Deoxys|33/100\n|-enditem|p1a: Deoxys|Light Clay|[from] move: Knock Off|[of] p2a: Great Tusk\n|\n|upkeep\n|turn|8\n|\n|t:|1788290234\n|switch|p1a: Zamazenta|Zamazenta|100/100\n|-ability|p1a: Zamazenta|Dauntless Shield|boost\n|-boost|p1a: Zamazenta|def|1\n|move|p2a: Great Tusk|Stealth Rock|p1a: Zamazenta\n|-sidestart|p1: arturohdez|move: Stealth Rock\n|\n|-sideend|p1: arturohdez|move: Light Screen\n|upkeep\n|turn|9\n|\n|t:|1788290240\n|-end|p2a: Great Tusk|Protosynthesis|[silent]\n|switch|p2a: Iron Valiant|Iron Valiant|100/100\n|-enditem|p2a: Iron Valiant|Booster Energy\n|-activate|p2a: Iron Valiant|ability: Quark Drive|[fromitem]\n|-start|p2a: Iron Valiant|quarkdrivespe\n|move|p1a: Zamazenta|Roar|p2a: Iron Valiant\n|-end|p2a: Iron Valiant|Quark Drive|[silent]\n|drag|p2a: Ogerpon|Ogerpon-Wellspring, F|100/100\n|\n|upkeep\n|turn|10\n|\n|t:|1788290244\n|switch|p2a: Iron Valiant|Iron Valiant|100/100\n|move|p1a: Zamazenta|Iron Defense|p1a: Zamazenta\n|-boost|p1a: Zamazenta|def|2\n|\n|upkeep\n|turn|11\n|\n|t:|1788290251\n|-terastallize|p1a: Zamazenta|Electric\n|move|p1a: Zamazenta|Body Press|p2a: Iron Valiant\n|-resisted|p2a: Iron Valiant\n|-damage|p2a: Iron Valiant|42/100\n|move|p2a: Iron Valiant|Moonblast|p1a: Zamazenta\n|-damage|p1a: Zamazenta|60/100\n|\n|-heal|p1a: Zamazenta|66/100|[from] item: Leftovers\n|upkeep\n|turn|12\n|j| ghanpoo\n|\n|t:|1788290258\n|-end|p2a: Iron Valiant|Quark Drive|[silent]\n|switch|p2a: Gholdengo|Gholdengo|100/100\n|-item|p2a: Gholdengo|Air Balloon\n|move|p1a: Zamazenta|Body Press|p2a: Gholdengo\n|-immune|p2a: Gholdengo\n|\n|-heal|p1a: Zamazenta|72/100|[from] item: Leftovers\n|upkeep\n|turn|13\n|\n|t:|1788290262\n|switch|p2a: Iron Valiant|Iron Valiant|42/100\n|move|p1a: Zamazenta|Crunch|p2a: Iron Valiant\n|-resisted|p2a: Iron Valiant\n|-damage|p2a: Iron Valiant|35/100\n|-unboost|p2a: Iron Valiant|def|1\n|\n|-heal|p1a: Zamazenta|78/100|[from] item: Leftovers\n|upkeep\n|turn|14\n|\n|t:|1788290265\n|-end|p2a: Iron Valiant|Quark Drive|[silent]\n|switch|p2a: Gholdengo|Gholdengo|100/100\n|-item|p2a: Gholdengo|Air Balloon\n|move|p1a: Zamazenta|Body Press|p2a: Gholdengo\n|-immune|p2a: Gholdengo\n|\n|-heal|p1a: Zamazenta|84/100|[from] item: Leftovers\n|-sideend|p1: arturohdez|Reflect\n|upkeep\n|turn|15\n|\n|t:|1788290267\n|move|p1a: Zamazenta|Crunch|p2a: Gholdengo\n|-supereffective|p2a: Gholdengo\n|-damage|p2a: Gholdengo|41/100\n|-enditem|p2a: Gholdengo|Air Balloon\n|move|p2a: Gholdengo|Recover|p2a: Gholdengo\n|-heal|p2a: Gholdengo|92/100\n|\n|-heal|p1a: Zamazenta|90/100|[from] item: Leftovers\n|upkeep\n|turn|16\n|\n|t:|1788290272\n|move|p1a: Zamazenta|Crunch|p2a: Gholdengo\n|-supereffective|p2a: Gholdengo\n|-damage|p2a: Gholdengo|36/100\n|-unboost|p2a: Gholdengo|def|1\n|move|p2a: Gholdengo|Recover|p2a: Gholdengo\n|-heal|p2a: Gholdengo|86/100\n|\n|-heal|p1a: Zamazenta|96/100|[from] item: Leftovers\n|upkeep\n|turn|17\n|l| ghanpoo\n|\n|t:|1788290279\n|switch|p2a: Iron Valiant|Iron Valiant|35/100\n|move|p1a: Zamazenta|Body Press|p2a: Iron Valiant\n|-resisted|p2a: Iron Valiant\n|-crit|p2a: Iron Valiant\n|-damage|p2a: Iron Valiant|0 fnt\n|faint|p2a: Iron Valiant\n|-end|p2a: Iron Valiant|Quark Drive|[silent]\n|\n|-heal|p1a: Zamazenta|100/100|[from] item: Leftovers\n|upkeep\n|\n|t:|1788290280\n|switch|p2a: Gholdengo|Gholdengo|86/100\n|turn|18\n|\n|t:|1788290282\n|move|p1a: Zamazenta|Crunch|p2a: Gholdengo\n|-supereffective|p2a: Gholdengo\n|-damage|p2a: Gholdengo|35/100\n|move|p2a: Gholdengo|Recover|p2a: Gholdengo\n|-heal|p2a: Gholdengo|85/100\n|\n|upkeep\n|turn|19\n|\n|t:|1788290286\n|move|p1a: Zamazenta|Crunch|p2a: Gholdengo\n|-supereffective|p2a: Gholdengo\n|-damage|p2a: Gholdengo|35/100\n|move|p2a: Gholdengo|Recover|p2a: Gholdengo\n|-heal|p2a: Gholdengo|85/100\n|\n|upkeep\n|turn|20\n|\n|t:|1788290290\n|move|p1a: Zamazenta|Crunch|p2a: Gholdengo\n|-supereffective|p2a: Gholdengo\n|-damage|p2a: Gholdengo|31/100\n|move|p2a: Gholdengo|Recover|p2a: Gholdengo\n|-heal|p2a: Gholdengo|81/100\n|\n|upkeep\n|turn|21\n|\n|t:|1788290294\n|move|p1a: Zamazenta|Crunch|p2a: Gholdengo\n|-supereffective|p2a: Gholdengo\n|-damage|p2a: Gholdengo|26/100\n|move|p2a: Gholdengo|Recover|p2a: Gholdengo\n|-heal|p2a: Gholdengo|76/100\n|\n|upkeep\n|turn|22\n|\n|t:|1788290298\n|move|p1a: Zamazenta|Crunch|p2a: Gholdengo\n|-supereffective|p2a: Gholdengo\n|-damage|p2a: Gholdengo|24/100\n|move|p2a: Gholdengo|Recover|p2a: Gholdengo\n|-heal|p2a: Gholdengo|74/100\n|\n|upkeep\n|turn|23\n|\n|t:|1788290302\n|switch|p2a: Kingambit|Kingambit, M|100/100\n|-activate|p2a: Kingambit|ability: Supreme Overlord\n|-start|p2a: Kingambit|fallen2|[silent]\n|move|p1a: Zamazenta|Crunch|p2a: Kingambit\n|-resisted|p2a: Kingambit\n|-damage|p2a: Kingambit|92/100\n|-unboost|p2a: Kingambit|def|1\n|\n|-heal|p2a: Kingambit|98/100|[from] item: Leftovers\n|upkeep\n|turn|24\n|\n|t:|1788290306\n|-end|p2a: Kingambit|fallen2|[silent]\n|switch|p2a: Gholdengo|Gholdengo|74/100\n|move|p1a: Zamazenta|Crunch|p2a: Gholdengo\n|-supereffective|p2a: Gholdengo\n|-damage|p2a: Gholdengo|16/100\n|\n|upkeep\n|turn|25\n|\n|t:|1788290310\n|switch|p2a: Kingambit|Kingambit, M|98/100\n|-activate|p2a: Kingambit|ability: Supreme Overlord\n|-start|p2a: Kingambit|fallen2|[silent]\n|move|p1a: Zamazenta|Crunch|p2a: Kingambit\n|-resisted|p2a: Kingambit\n|-damage|p2a: Kingambit|90/100\n|-unboost|p2a: Kingambit|def|1\n|\n|-heal|p2a: Kingambit|96/100|[from] item: Leftovers\n|upkeep\n|turn|26\n|\n|t:|1788290312\n|-end|p2a: Kingambit|fallen2|[silent]\n|switch|p2a: Gholdengo|Gholdengo|16/100\n|move|p1a: Zamazenta|Crunch|p2a: Gholdengo\n|-supereffective|p2a: Gholdengo\n|-damage|p2a: Gholdengo|0 fnt\n|faint|p2a: Gholdengo\n|\n|upkeep\n|\n|t:|1788290313\n|switch|p2a: Great Tusk|Great Tusk, tera:Steel|100/100\n|turn|27\n|\n|t:|1788290314\n|move|p1a: Zamazenta|Iron Defense|p1a: Zamazenta\n|-boost|p1a: Zamazenta|def|2\n|move|p2a: Great Tusk|Earthquake|p1a: Zamazenta\n|-supereffective|p1a: Zamazenta\n|-damage|p1a: Zamazenta|80/100\n|\n|-heal|p1a: Zamazenta|86/100|[from] item: Leftovers\n|upkeep\n|turn|28\n|\n|t:|1788290319\n|move|p1a: Zamazenta|Body Press|p2a: Great Tusk\n|-supereffective|p2a: Great Tusk\n|-crit|p2a: Great Tusk\n|-damage|p2a: Great Tusk|0 fnt\n|faint|p2a: Great Tusk\n|-end|p2a: Great Tusk|Protosynthesis|[silent]\n|\n|-heal|p1a: Zamazenta|92/100|[from] item: Leftovers\n|upkeep\n|\n|t:|1788290319\n|switch|p2a: Kingambit|Kingambit, M|96/100\n|-activate|p2a: Kingambit|ability: Supreme Overlord\n|-start|p2a: Kingambit|fallen4|[silent]\n|turn|29\n|\n|t:|1788290321\n|move|p1a: Zamazenta|Body Press|p2a: Kingambit\n|-supereffective|p2a: Kingambit\n|-damage|p2a: Kingambit|0 fnt\n|faint|p2a: Kingambit\n|-end|p2a: Kingambit|fallen4|[silent]\n|\n|-heal|p1a: Zamazenta|98/100|[from] item: Leftovers\n|upkeep\n|\n|t:|1788290322\n|switch|p2a: Ogerpon|Ogerpon-Wellspring, F|100/100\n|turn|30\n|\n|t:|1788290324\n|move|p1a: Zamazenta|Body Press|p2a: Ogerpon\n|-damage|p2a: Ogerpon|0 fnt\n|faint|p2a: Ogerpon\n|\n|win|arturohdez\n|raw|arturohdez's rating: 1730 &rarr; <strong>1745</strong><br />(+15 for winning)\n|raw|kangarooteam1's rating: 1634 &rarr; <strong>1619</strong><br />(-15 for losing)\n", "uploadtime": 1788290325, "views": "5", "formatid": "gen9ou", "rating": 1619, "private": 0, "password": null}