{"id": "gen9ou-2673976129", "format": "[Gen 9] OU", "players": ["Prav33n", "kangarooteam1"], "log": "|j|\u2606Prav33n\n|j|\u2606kangarooteam1\n|t:|1788283894\n|gametype|singles\n|player|p1|Prav33n|koga|1586\n|player|p2|kangarooteam1|1|1559\n|gen|9\n|tier|[Gen 9] OU\n|rated|\n|rule|HP Percentage Mod: HP is shown in percentages\n|rule|Endless Battle Clause: Forcing endless battles is banned\n|rule|Species Clause: Limit one of each Pok\u00e9mon\n|rule|OHKO Clause: OHKO moves are banned\n|rule|Evasion Items Clause: Evasion items are banned\n|rule|Evasion Moves Clause: Evasion moves are banned\n|rule|Evasion Abilities Clause: Evasion abilities are banned\n|rule|Sleep Moves Clause: Sleep-inducing moves are banned\n|clearpoke\n|poke|p1|Ogerpon, F|\n|poke|p1|Rillaboom, M|\n|poke|p1|Zamazenta-*|\n|poke|p1|Glimmora, F|\n|poke|p1|Ting-Lu|\n|poke|p1|Moltres|\n|poke|p2|Great Tusk|\n|poke|p2|Gholdengo|\n|poke|p2|Raging Bolt|\n|poke|p2|Iron Valiant|\n|poke|p2|Ogerpon-Wellspring, F|\n|poke|p2|Kingambit, F|\n|teampreview\n|inactive|Battle timer is ON: inactive players will automatically lose when time's up. (requested by Prav33n)\n|inactive|kangarooteam1 also wants the timer to be on.\n|\n|t:|1788283902\n|teamsize|p1|6\n|teamsize|p2|6\n|start\n|switch|p1a: Rillaboom|Rillaboom, M|100/100\n|switch|p2a: Raging Bolt|Raging Bolt|100/100\n|-fieldstart|move: Grassy Terrain|[from] ability: Grassy Surge|[of] p1a: Rillaboom\n|turn|1\n|\n|t:|1788283916\n|switch|p1a: Ting-Lu|Ting-Lu|100/100\n|-ability|p1a: Ting-Lu|Vessel of Ruin\n|move|p2a: Raging Bolt|Calm Mind|p2a: Raging Bolt\n|-boost|p2a: Raging Bolt|spa|1\n|-boost|p2a: Raging Bolt|spd|1\n|\n|upkeep\n|turn|2\n|j| 1989 tour\n|\n|t:|1788283927\n|move|p2a: Raging Bolt|Calm Mind|p2a: Raging Bolt\n|-boost|p2a: Raging Bolt|spa|1\n|-boost|p2a: Raging Bolt|spd|1\n|move|p1a: Ting-Lu|Stomping Tantrum|p2a: Raging Bolt\n|-supereffective|p2a: Raging Bolt\n|-damage|p2a: Raging Bolt|54/100\n|\n|-heal|p2a: Raging Bolt|60/100|[from] Grassy Terrain\n|-heal|p2a: Raging Bolt|66/100|[from] item: Leftovers\n|upkeep\n|turn|3\n|\n|t:|1788283935\n|-terastallize|p2a: Raging Bolt|Fairy\n|move|p2a: Raging Bolt|Dragon Pulse|p1a: Ting-Lu\n|-damage|p1a: Ting-Lu|53/100\n|move|p1a: Ting-Lu|Whirlwind|p2a: Raging Bolt\n|-end|p2a: Raging Bolt|Protosynthesis|[silent]\n|drag|p2a: Kingambit|Kingambit, F|100/100\n|\n|-heal|p1a: Ting-Lu|59/100|[from] Grassy Terrain\n|upkeep\n|turn|4\n|\n|t:|1788283940\n|move|p2a: Kingambit|Swords Dance|p2a: Kingambit\n|-boost|p2a: Kingambit|atk|2\n|move|p1a: Ting-Lu|Spikes|p2a: Kingambit\n|-sidestart|p2: kangarooteam1|Spikes\n|\n|-heal|p1a: Ting-Lu|65/100|[from] Grassy Terrain\n|upkeep\n|turn|5\n|\n|t:|1788283942\n|move|p2a: Kingambit|Iron Head|p1a: Ting-Lu\n|-damage|p1a: Ting-Lu|17/100\n|-damage|p2a: Kingambit|84/100|[from] item: Rocky Helmet|[of] p1a: Ting-Lu\n|move|p1a: Ting-Lu|Stomping Tantrum|p2a: Kingambit\n|-supereffective|p2a: Kingambit\n|-damage|p2a: Kingambit|46/100\n|\n|-heal|p2a: Kingambit|52/100|[from] Grassy Terrain\n|-heal|p2a: Kingambit|59/100|[from] item: Leftovers\n|-heal|p1a: Ting-Lu|23/100|[from] Grassy Terrain\n|upkeep\n|turn|6\n|\n|t:|1788283945\n|move|p2a: Kingambit|Iron Head|p1a: Ting-Lu\n|-damage|p1a: Ting-Lu|0 fnt\n|-damage|p2a: Kingambit|42/100|[from] item: Rocky Helmet|[of] p1a: Ting-Lu\n|faint|p1a: Ting-Lu\n|\n|-heal|p2a: Kingambit|48/100|[from] Grassy Terrain\n|-heal|p2a: Kingambit|55/100|[from] item: Leftovers\n|upkeep\n|\n|t:|1788283953\n|switch|p1a: Zamazenta|Zamazenta|100/100\n|-ability|p1a: Zamazenta|Dauntless Shield|boost\n|-boost|p1a: Zamazenta|def|1\n|turn|7\n|\n|t:|1788283958\n|-end|p2a: Kingambit|fallenundefined|[silent]\n|switch|p2a: Raging Bolt|Raging Bolt, tera:Fairy|66/100\n|-damage|p2a: Raging Bolt|54/100|[from] Spikes\n|move|p1a: Zamazenta|Crunch|p2a: Raging Bolt\n|-resisted|p2a: Raging Bolt\n|-damage|p2a: Raging Bolt|41/100\n|-unboost|p2a: Raging Bolt|def|1\n|-damage|p1a: Zamazenta|91/100|[from] item: Life Orb\n|\n|-heal|p1a: Zamazenta|97/100|[from] Grassy Terrain\n|-heal|p2a: Raging Bolt|47/100|[from] Grassy Terrain\n|-heal|p2a: Raging Bolt|53/100|[from] item: Leftovers\n|upkeep\n|turn|8\n|\n|t:|1788283965\n|move|p1a: Zamazenta|Stone Edge|p2a: Raging Bolt\n|-damage|p2a: Raging Bolt|3/100\n|-damage|p1a: Zamazenta|87/100|[from] item: Life Orb\n|move|p2a: Raging Bolt|Thunderbolt|p1a: Zamazenta\n|-damage|p1a: Zamazenta|40/100\n|\n|-heal|p1a: Zamazenta|46/100|[from] Grassy Terrain\n|-heal|p2a: Raging Bolt|9/100|[from] Grassy Terrain\n|-heal|p2a: Raging Bolt|15/100|[from] item: Leftovers\n|-fieldend|move: Grassy Terrain\n|upkeep\n|turn|9\n|\n|t:|1788283970\n|move|p2a: Raging Bolt|Thunderclap|p1a: Zamazenta\n|-damage|p1a: Zamazenta|10/100\n|move|p1a: Zamazenta|Ice Fang|p2a: Raging Bolt\n|-damage|p2a: Raging Bolt|0 fnt\n|faint|p2a: Raging Bolt\n|-end|p2a: Raging Bolt|Protosynthesis|[silent]\n|-damage|p1a: Zamazenta|0 fnt|[from] item: Life Orb\n|faint|p1a: Zamazenta\n|\n|upkeep\n|\n|t:|1788283981\n|switch|p1a: Rillaboom|Rillaboom, M|100/100\n|switch|p2a: Ogerpon|Ogerpon-Wellspring, F|100/100\n|-damage|p2a: Ogerpon|88/100|[from] Spikes\n|-fieldstart|move: Grassy Terrain|[from] ability: Grassy Surge|[of] p1a: Rillaboom\n|turn|10\n|\n|t:|1788283987\n|move|p2a: Ogerpon|U-turn|p1a: Rillaboom\n|-supereffective|p1a: Rillaboom\n|-damage|p1a: Rillaboom|46/100\n|\n|t:|1788283989\n|switch|p2a: Kingambit|Kingambit, F|55/100|[from] U-turn\n|-damage|p2a: Kingambit|42/100|[from] Spikes\n|-activate|p2a: Kingambit|ability: Supreme Overlord\n|-start|p2a: Kingambit|fallen1|[silent]\n|move|p1a: Rillaboom|U-turn|p2a: Kingambit\n|-crit|p2a: Kingambit\n|-damage|p2a: Kingambit|15/100\n|\n|t:|1788283993\n|switch|p1a: Moltres|Moltres|100/100|[from] U-turn\n|\n|-heal|p2a: Kingambit|21/100|[from] Grassy Terrain\n|-heal|p2a: Kingambit|27/100|[from] item: Leftovers\n|upkeep\n|turn|11\n|\n|t:|1788283995\n|move|p2a: Kingambit|Sucker Punch|p1a: Moltres\n|-damage|p1a: Moltres|57/100\n|-status|p2a: Kingambit|brn|[from] ability: Flame Body|[of] p1a: Moltres\n|move|p1a: Moltres|Flamethrower|p2a: Kingambit\n|-supereffective|p2a: Kingambit\n|-damage|p2a: Kingambit|0 fnt\n|faint|p2a: Kingambit\n|-end|p2a: Kingambit|fallen1|[silent]\n|\n|upkeep\n|\n|t:|1788283997\n|switch|p2a: Ogerpon|Ogerpon-Wellspring, F|88/100\n|-damage|p2a: Ogerpon|76/100|[from] Spikes\n|turn|12\n|\n|t:|1788284000\n|switch|p1a: Ogerpon|Ogerpon, F|100/100\n|move|p2a: Ogerpon|Ivy Cudgel|p1a: Ogerpon|[anim] Ivy Cudgel Water\n|-resisted|p1a: Ogerpon\n|-damage|p1a: Ogerpon|60/100\n|\n|-heal|p1a: Ogerpon|66/100|[from] Grassy Terrain\n|-heal|p2a: Ogerpon|82/100|[from] Grassy Terrain\n|upkeep\n|turn|13\n|\n|t:|1788284006\n|-terastallize|p1a: Ogerpon|Grass\n|detailschange|p1a: Ogerpon|Ogerpon-Teal-Tera, F, tera:Grass\n|-ability|p1a: Ogerpon|Embody Aspect (Teal)|boost\n|-boost|p1a: Ogerpon|spe|1\n|move|p1a: Ogerpon|Ivy Cudgel|p2a: Ogerpon\n|-damage|p2a: Ogerpon|0 fnt\n|faint|p2a: Ogerpon\n|-damage|p1a: Ogerpon|56/100|[from] item: Life Orb\n|\n|-heal|p1a: Ogerpon|62/100|[from] Grassy Terrain\n|upkeep\n|\n|t:|1788284007\n|switch|p2a: Iron Valiant|Iron Valiant|100/100\n|-damage|p2a: Iron Valiant|88/100|[from] Spikes\n|-enditem|p2a: Iron Valiant|Booster Energy\n|-activate|p2a: Iron Valiant|ability: Quark Drive|[fromitem]\n|-start|p2a: Iron Valiant|quarkdrivespe\n|turn|14\n|\n|t:|1788284016\n|switch|p1a: Moltres|Moltres|57/100\n|move|p2a: Iron Valiant|Close Combat|p1a: Moltres\n|-resisted|p1a: Moltres\n|-damage|p1a: Moltres|35/100\n|-unboost|p2a: Iron Valiant|def|1\n|-unboost|p2a: Iron Valiant|spd|1\n|\n|-heal|p2a: Iron Valiant|94/100|[from] Grassy Terrain\n|upkeep\n|turn|15\n|\n|t:|1788284020\n|move|p2a: Iron Valiant|Thunderbolt|p1a: Moltres\n|-supereffective|p1a: Moltres\n|-damage|p1a: Moltres|0 fnt\n|faint|p1a: Moltres\n|\n|-heal|p2a: Iron Valiant|100/100|[from] Grassy Terrain\n|upkeep\n|\n|t:|1788284025\n|switch|p1a: Glimmora|Glimmora, F|100/100\n|turn|16\n|\n|t:|1788284028\n|-end|p2a: Iron Valiant|Quark Drive|[silent]\n|switch|p2a: Gholdengo|Gholdengo|100/100\n|-item|p2a: Gholdengo|Air Balloon\n|move|p1a: Glimmora|Meteor Beam||[still]\n|-prepare|p1a: Glimmora|Meteor Beam\n|-boost|p1a: Glimmora|spa|1\n|-enditem|p1a: Glimmora|Power Herb\n|-anim|p1a: Glimmora|Meteor Beam|p2a: Gholdengo\n|-resisted|p2a: Gholdengo\n|-damage|p2a: Gholdengo|50/100\n|-enditem|p2a: Gholdengo|Air Balloon\n|\n|-heal|p2a: Gholdengo|56/100|[from] Grassy Terrain\n|upkeep\n|turn|17\n|\n|t:|1788284033\n|move|p1a: Glimmora|Stealth Rock|p2a: Gholdengo\n|-sidestart|p2: kangarooteam1|move: Stealth Rock\n|move|p2a: Gholdengo|Make It Rain|p1a: Glimmora\n|-supereffective|p1a: Glimmora\n|-damage|p1a: Glimmora|0 fnt\n|-unboost|p2a: Gholdengo|spa|1\n|faint|p1a: Glimmora\n|\n|-heal|p2a: Gholdengo|62/100|[from] Grassy Terrain\n|-fieldend|move: Grassy Terrain\n|upkeep\n|\n|t:|1788284035\n|switch|p1a: Rillaboom|Rillaboom, M|46/100\n|-fieldstart|move: Grassy Terrain|[from] ability: Grassy Surge|[of] p1a: Rillaboom\n|turn|18\n|\n|t:|1788284038\n|move|p2a: Gholdengo|Make It Rain|p1a: Rillaboom\n|-damage|p1a: Rillaboom|0 fnt\n|-unboost|p2a: Gholdengo|spa|1\n|faint|p1a: Rillaboom\n|\n|-heal|p2a: Gholdengo|68/100|[from] Grassy Terrain\n|upkeep\n|\n|t:|1788284041\n|switch|p1a: Ogerpon|Ogerpon-Teal-Tera, F, tera:Grass|62/100\n|-ability|p1a: Ogerpon|Embody Aspect (Teal)|boost\n|-boost|p1a: Ogerpon|spe|1\n|turn|19\n|\n|t:|1788284043\n|move|p1a: Ogerpon|Swords Dance|p1a: Ogerpon\n|-boost|p1a: Ogerpon|atk|2\n|move|p2a: Gholdengo|Recover|p2a: Gholdengo\n|-heal|p2a: Gholdengo|100/100\n|\n|-heal|p1a: Ogerpon|68/100|[from] Grassy Terrain\n|upkeep\n|turn|20\n|\n|t:|1788284047\n|move|p1a: Ogerpon|Knock Off|p2a: Gholdengo\n|-supereffective|p2a: Gholdengo\n|-damage|p2a: Gholdengo|0 fnt\n|faint|p2a: Gholdengo\n|-damage|p1a: Ogerpon|58/100|[from] item: Life Orb\n|\n|-heal|p1a: Ogerpon|64/100|[from] Grassy Terrain\n|upkeep\n|\n|t:|1788284048\n|switch|p2a: Iron Valiant|Iron Valiant|100/100\n|-damage|p2a: Iron Valiant|88/100|[from] Spikes\n|-damage|p2a: Iron Valiant|82/100|[from] Stealth Rock\n|turn|21\n|\n|t:|1788284049\n|move|p1a: Ogerpon|Ivy Cudgel|p2a: Iron Valiant\n|-damage|p2a: Iron Valiant|0 fnt\n|faint|p2a: Iron Valiant\n|-end|p2a: Iron Valiant|Quark Drive|[silent]\n|-damage|p1a: Ogerpon|54/100|[from] item: Life Orb\n|\n|-heal|p1a: Ogerpon|60/100|[from] Grassy Terrain\n|upkeep\n|\n|t:|1788284050\n|switch|p2a: Great Tusk|Great Tusk|100/100\n|-damage|p2a: Great Tusk|88/100|[from] Spikes\n|-damage|p2a: Great Tusk|85/100|[from] Stealth Rock\n|turn|22\n|\n|t:|1788284052\n|move|p1a: Ogerpon|Ivy Cudgel|p2a: Great Tusk\n|-supereffective|p2a: Great Tusk\n|-damage|p2a: Great Tusk|0 fnt\n|faint|p2a: Great Tusk\n|-end|p2a: Great Tusk|Protosynthesis|[silent]\n|-damage|p1a: Ogerpon|50/100|[from] item: Life Orb\n|\n|win|Prav33n\n|raw|Prav33n's rating: 1586 &rarr; <strong>1604</strong><br />(+18 for winning)\n|raw|kangarooteam1's rating: 1559 &rarr; <strong>1541</strong><br />(-18 for losing)\n|l|\u2606kangarooteam1\n|player|p2|\n", "uploadtime": 1788284052, "views": "0", "formatid": "gen9ou", "rating": 1541, "private": 0, "password": null}