{"id": "gen9ou-2673898982", "format": "[Gen 9] OU", "players": ["kangarooteam1", "Agent Zyn7"], "log": "|j|\u2606kangarooteam1\n|j|\u2606Agent Zyn7\n|t:|1788274657\n|gametype|singles\n|player|p1|kangarooteam1|1|1672\n|player|p2|Agent Zyn7|elesa|1681\n|gen|9\n|tier|[Gen 9] OU\n|rated|\n|rule|HP Percentage Mod: HP is shown in percentages\n|rule|Endless Battle Clause: Forcing endless battles is banned\n|rule|Species Clause: Limit one of each Pok\u00e9mon\n|rule|OHKO Clause: OHKO moves are banned\n|rule|Evasion Items Clause: Evasion items are banned\n|rule|Evasion Moves Clause: Evasion moves are banned\n|rule|Evasion Abilities Clause: Evasion abilities are banned\n|rule|Sleep Moves Clause: Sleep-inducing moves are banned\n|clearpoke\n|poke|p1|Great Tusk|\n|poke|p1|Gholdengo|\n|poke|p1|Raging Bolt|\n|poke|p1|Iron Valiant|\n|poke|p1|Ogerpon-Wellspring, F|\n|poke|p1|Kingambit, F|\n|poke|p2|Pelipper, F|\n|poke|p2|Zamazenta-*|\n|poke|p2|Manaphy|\n|poke|p2|Rillaboom, M|\n|poke|p2|Enamorus, F|\n|poke|p2|Raging Bolt|\n|teampreview\n|inactive|Battle timer is ON: inactive players will automatically lose when time's up. (requested by kangarooteam1)\n|\n|t:|1788274667\n|teamsize|p1|6\n|teamsize|p2|6\n|start\n|switch|p1a: Raging Bolt|Raging Bolt|100/100\n|switch|p2a: Cardi Z|Zamazenta, shiny|100/100\n|-ability|p2a: Cardi Z|Dauntless Shield|boost\n|-boost|p2a: Cardi Z|def|1\n|turn|1\n|\n|t:|1788274669\n|move|p2a: Cardi Z|Light Screen|p2a: Cardi Z\n|-sidestart|p2: Agent Zyn7|move: Light Screen\n|move|p1a: Raging Bolt|Thunderbolt|p2a: Cardi Z\n|-damage|p2a: Cardi Z|79/100\n|\n|upkeep\n|turn|2\n|\n|t:|1788274679\n|move|p2a: Cardi Z|Reflect|p2a: Cardi Z\n|-sidestart|p2: Agent Zyn7|Reflect\n|move|p1a: Raging Bolt|Calm Mind|p1a: Raging Bolt\n|-boost|p1a: Raging Bolt|spa|1\n|-boost|p1a: Raging Bolt|spd|1\n|\n|upkeep\n|turn|3\n|\n|t:|1788274681\n|move|p2a: Cardi Z|Body Press|p1a: Raging Bolt\n|-damage|p1a: Raging Bolt|55/100\n|move|p1a: Raging Bolt|Thunderbolt|p2a: Cardi Z\n|-damage|p2a: Cardi Z|47/100\n|\n|-heal|p1a: Raging Bolt|61/100|[from] item: Leftovers\n|upkeep\n|turn|4\n|\n|t:|1788274686\n|move|p2a: Cardi Z|Body Press|p1a: Raging Bolt\n|-damage|p1a: Raging Bolt|10/100\n|move|p1a: Raging Bolt|Thunderbolt|p2a: Cardi Z\n|-damage|p2a: Cardi Z|16/100\n|\n|-heal|p1a: Raging Bolt|16/100|[from] item: Leftovers\n|upkeep\n|turn|5\n|\n|t:|1788274690\n|switch|p2a: Megan Thee Monkey|Rillaboom, M, shiny|100/100\n|-fieldstart|move: Grassy Terrain|[from] ability: Grassy Surge|[of] p2a: Megan Thee Monkey\n|move|p1a: Raging Bolt|Thunderclap||[still]\n|-fail|p1a: Raging Bolt\n|\n|-heal|p1a: Raging Bolt|23/100|[from] Grassy Terrain\n|-heal|p1a: Raging Bolt|29/100|[from] item: Leftovers\n|upkeep\n|turn|6\n|\n|t:|1788274692\n|-end|p1a: Raging Bolt|Protosynthesis|[silent]\n|switch|p1a: Kingambit|Kingambit, F|100/100\n|move|p2a: Megan Thee Monkey|Grassy Glide|p1a: Kingambit\n|-resisted|p1a: Kingambit\n|-damage|p1a: Kingambit|83/100\n|-damage|p2a: Megan Thee Monkey|91/100|[from] item: Life Orb\n|\n|-heal|p2a: Megan Thee Monkey|97/100|[from] Grassy Terrain\n|-heal|p1a: Kingambit|89/100|[from] Grassy Terrain\n|-heal|p1a: Kingambit|96/100|[from] item: Leftovers\n|upkeep\n|turn|7\n|\n|t:|1788274694\n|move|p2a: Megan Thee Monkey|Swords Dance|p2a: Megan Thee Monkey\n|-boost|p2a: Megan Thee Monkey|atk|2\n|move|p1a: Kingambit|Swords Dance|p1a: Kingambit\n|-boost|p1a: Kingambit|atk|2\n|\n|-heal|p2a: Megan Thee Monkey|100/100|[from] Grassy Terrain\n|-heal|p1a: Kingambit|100/100|[from] Grassy Terrain\n|upkeep\n|turn|8\n|\n|t:|1788274696\n|move|p2a: Megan Thee Monkey|High Horsepower|p1a: Kingambit\n|-supereffective|p1a: Kingambit\n|-damage|p1a: Kingambit|0 fnt\n|faint|p1a: Kingambit\n|-end|p1a: Kingambit|fallenundefined|[silent]\n|-damage|p2a: Megan Thee Monkey|91/100|[from] item: Life Orb\n|\n|-heal|p2a: Megan Thee Monkey|97/100|[from] Grassy Terrain\n|-sideend|p2: Agent Zyn7|move: Light Screen\n|upkeep\n|\n|t:|1788274697\n|switch|p1a: Gholdengo|Gholdengo|100/100\n|-item|p1a: Gholdengo|Air Balloon\n|turn|9\n|\n|t:|1788274699\n|move|p1a: Gholdengo|Make It Rain|p2a: Megan Thee Monkey\n|-damage|p2a: Megan Thee Monkey|15/100\n|-unboost|p1a: Gholdengo|spa|1\n|move|p2a: Megan Thee Monkey|Knock Off|p1a: Gholdengo\n|-supereffective|p1a: Gholdengo\n|-damage|p1a: Gholdengo|0 fnt\n|-enditem|p1a: Gholdengo|Air Balloon\n|faint|p1a: Gholdengo\n|-damage|p2a: Megan Thee Monkey|5/100|[from] item: Life Orb\n|\n|-heal|p2a: Megan Thee Monkey|12/100|[from] Grassy Terrain\n|-sideend|p2: Agent Zyn7|Reflect\n|-fieldend|move: Grassy Terrain\n|upkeep\n|\n|t:|1788274701\n|switch|p1a: Ogerpon|Ogerpon-Wellspring, F|100/100\n|turn|10\n|inactive|Agent Zyn7 has 120 seconds left.\n|\n|t:|1788274731\n|switch|p2a: Wet Ass Pelipper|Pelipper, F|100/100\n|-weather|RainDance|[from] ability: Drizzle|[of] p2a: Wet Ass Pelipper\n|move|p1a: Ogerpon|Horn Leech|p2a: Wet Ass Pelipper\n|-damage|p2a: Wet Ass Pelipper|66/100\n|\n|-weather|RainDance|[upkeep]\n|upkeep\n|turn|11\n|\n|t:|1788274737\n|switch|p1a: Raging Bolt|Raging Bolt|29/100\n|move|p2a: Wet Ass Pelipper|U-turn|p1a: Raging Bolt\n|-damage|p1a: Raging Bolt|21/100\n|\n|t:|1788274746\n|switch|p2a: Cardi Z|Zamazenta, shiny|16/100|[from] U-turn\n|\n|-weather|RainDance|[upkeep]\n|-heal|p1a: Raging Bolt|27/100|[from] item: Leftovers\n|upkeep\n|turn|12\n|j| Puyu paz\n|\n|t:|1788274750\n|move|p1a: Raging Bolt|Thunderclap||[still]\n|-fail|p1a: Raging Bolt\n|move|p2a: Cardi Z|Light Screen|p2a: Cardi Z\n|-sidestart|p2: Agent Zyn7|move: Light Screen\n|\n|-weather|RainDance|[upkeep]\n|-heal|p1a: Raging Bolt|33/100|[from] item: Leftovers\n|upkeep\n|turn|13\n|j| Sashannarcy\n|\n|t:|1788274752\n|move|p2a: Cardi Z|Reflect|p2a: Cardi Z\n|-sidestart|p2: Agent Zyn7|Reflect\n|move|p1a: Raging Bolt|Calm Mind|p1a: Raging Bolt\n|-boost|p1a: Raging Bolt|spa|1\n|-boost|p1a: Raging Bolt|spd|1\n|\n|-weather|RainDance|[upkeep]\n|-heal|p1a: Raging Bolt|39/100|[from] item: Leftovers\n|upkeep\n|turn|14\n|\n|t:|1788274755\n|move|p1a: Raging Bolt|Thunderclap|p2a: Cardi Z\n|-damage|p2a: Cardi Z|0 fnt\n|faint|p2a: Cardi Z\n|\n|-weather|RainDance|[upkeep]\n|-heal|p1a: Raging Bolt|45/100|[from] item: Leftovers\n|upkeep\n|\n|t:|1788274759\n|switch|p2a: Throat Goat|Raging Bolt|100/100\n|-enditem|p2a: Throat Goat|Booster Energy\n|-activate|p2a: Throat Goat|ability: Protosynthesis|[fromitem]\n|-start|p2a: Throat Goat|protosynthesisspa\n|turn|15\n|\n|t:|1788274762\n|-terastallize|p1a: Raging Bolt|Fairy\n|move|p2a: Throat Goat|Dragon Pulse|p1a: Raging Bolt\n|-immune|p1a: Raging Bolt\n|move|p1a: Raging Bolt|Dragon Pulse|p2a: Throat Goat\n|-supereffective|p2a: Throat Goat\n|-damage|p2a: Throat Goat|27/100\n|\n|-weather|RainDance|[upkeep]\n|-heal|p1a: Raging Bolt|51/100|[from] item: Leftovers\n|upkeep\n|turn|16\n|\n|t:|1788274764\n|move|p2a: Throat Goat|Thunderclap|p1a: Raging Bolt\n|-damage|p1a: Raging Bolt|21/100\n|move|p1a: Raging Bolt|Dragon Pulse|p2a: Throat Goat\n|-supereffective|p2a: Throat Goat\n|-damage|p2a: Throat Goat|0 fnt\n|faint|p2a: Throat Goat\n|-end|p2a: Throat Goat|Protosynthesis|[silent]\n|\n|-weather|RainDance|[upkeep]\n|-heal|p1a: Raging Bolt|27/100|[from] item: Leftovers\n|upkeep\n|\n|t:|1788274766\n|switch|p2a: Megan Thee Monkey|Rillaboom, M, shiny|12/100\n|-fieldstart|move: Grassy Terrain|[from] ability: Grassy Surge|[of] p2a: Megan Thee Monkey\n|turn|17\n|\n|t:|1788274769\n|move|p2a: Megan Thee Monkey|Grassy Glide|p1a: Raging Bolt\n|-damage|p1a: Raging Bolt|0 fnt\n|faint|p1a: Raging Bolt\n|-end|p1a: Raging Bolt|Protosynthesis|[silent]\n|-damage|p2a: Megan Thee Monkey|2/100|[from] item: Life Orb\n|\n|-weather|none\n|-heal|p2a: Megan Thee Monkey|8/100|[from] Grassy Terrain\n|upkeep\n|\n|t:|1788274770\n|switch|p1a: Great Tusk|Great Tusk|100/100\n|turn|18\n|\n|t:|1788274775\n|switch|p2a: Make It Drop|Manaphy|100/100\n|move|p1a: Great Tusk|Knock Off|p2a: Make It Drop\n|-damage|p2a: Make It Drop|88/100\n|-enditem|p2a: Make It Drop|Rindo Berry|[from] move: Knock Off|[of] p1a: Great Tusk\n|\n|-heal|p2a: Make It Drop|95/100|[from] Grassy Terrain\n|upkeep\n|turn|19\n|\n|t:|1788274779\n|-end|p1a: Great Tusk|Protosynthesis|[silent]\n|switch|p1a: Ogerpon|Ogerpon-Wellspring, F|100/100\n|move|p2a: Make It Drop|Tail Glow|p2a: Make It Drop\n|-boost|p2a: Make It Drop|spa|3\n|\n|-heal|p2a: Make It Drop|100/100|[from] Grassy Terrain\n|-sideend|p2: Agent Zyn7|move: Light Screen\n|upkeep\n|turn|20\n|\n|t:|1788274782\n|-terastallize|p2a: Make It Drop|Fairy\n|move|p1a: Ogerpon|Power Whip|p2a: Make It Drop\n|-damage|p2a: Make It Drop|61/100\n|move|p2a: Make It Drop|Alluring Voice|p1a: Ogerpon\n|-damage|p1a: Ogerpon|0 fnt\n|faint|p1a: Ogerpon\n|\n|-heal|p2a: Make It Drop|67/100|[from] Grassy Terrain\n|-sideend|p2: Agent Zyn7|Reflect\n|upkeep\n|\n|t:|1788274784\n|switch|p1a: Iron Valiant|Iron Valiant|100/100\n|-enditem|p1a: Iron Valiant|Booster Energy\n|-activate|p1a: Iron Valiant|ability: Quark Drive|[fromitem]\n|-start|p1a: Iron Valiant|quarkdrivespe\n|turn|21\n|\n|t:|1788274791\n|move|p1a: Iron Valiant|Thunderbolt|p2a: Make It Drop\n|-damage|p2a: Make It Drop|43/100\n|move|p2a: Make It Drop|Alluring Voice|p1a: Iron Valiant\n|-supereffective|p1a: Iron Valiant\n|-damage|p1a: Iron Valiant|0 fnt\n|faint|p1a: Iron Valiant\n|-end|p1a: Iron Valiant|Quark Drive|[silent]\n|\n|-heal|p2a: Make It Drop|49/100|[from] Grassy Terrain\n|-fieldend|move: Grassy Terrain\n|upkeep\n|\n|t:|1788274792\n|switch|p1a: Great Tusk|Great Tusk|100/100\n|turn|22\n|\n|t:|1788274796\n|switch|p2a: Megan Thee Monkey|Rillaboom, M, shiny|8/100\n|-fieldstart|move: Grassy Terrain|[from] ability: Grassy Surge|[of] p2a: Megan Thee Monkey\n|move|p1a: Great Tusk|Earthquake|p2a: Megan Thee Monkey\n|-resisted|p2a: Megan Thee Monkey\n|-damage|p2a: Megan Thee Monkey|0 fnt\n|faint|p2a: Megan Thee Monkey\n|\n|upkeep\n|\n|t:|1788274798\n|switch|p2a: Cupcakke|Enamorus, F|100/100\n|turn|23\n|\n|t:|1788274800\n|move|p2a: Cupcakke|Healing Wish|p2a: Cupcakke\n|faint|p2a: Cupcakke\n|move|p1a: Great Tusk|Earthquake|p2: Cupcakke|[notarget]\n|-fail|p1a: Great Tusk\n|\n|upkeep\n|\n|t:|1788274801\n|switch|p2a: Make It Drop|Manaphy, tera:Fairy|49/100\n|-heal|p2a: Make It Drop|100/100|[from] move: Healing Wish\n|turn|24\n|\n|t:|1788274803\n|move|p2a: Make It Drop|Alluring Voice|p1a: Great Tusk\n|-supereffective|p1a: Great Tusk\n|-damage|p1a: Great Tusk|6/100\n|move|p1a: Great Tusk|Earthquake|p2a: Make It Drop\n|-damage|p2a: Make It Drop|82/100\n|\n|-heal|p2a: Make It Drop|88/100|[from] Grassy Terrain\n|-heal|p1a: Great Tusk|12/100|[from] Grassy Terrain\n|-heal|p1a: Great Tusk|18/100|[from] item: Leftovers\n|upkeep\n|turn|25\n|\n|t:|1788274805\n|move|p2a: Make It Drop|Alluring Voice|p1a: Great Tusk\n|-supereffective|p1a: Great Tusk\n|-damage|p1a: Great Tusk|0 fnt\n|faint|p1a: Great Tusk\n|-end|p1a: Great Tusk|Protosynthesis|[silent]\n|\n|win|Agent Zyn7\n|raw|kangarooteam1's rating: 1672 &rarr; <strong>1653</strong><br />(-19 for losing)\n|raw|Agent Zyn7's rating: 1681 &rarr; <strong>1700</strong><br />(+19 for winning)\n|l|\u2606kangarooteam1\n|player|p1|\n|l| Puyu paz\n|l| Sashannarcy\n", "uploadtime": 1788274806, "views": "2", "formatid": "gen9ou", "rating": 1653, "private": 0, "password": null}