{"id": "gen9ou-2673997371", "format": "[Gen 9] OU", "players": ["Acastillo631", "kangarooteam1"], "log": "|j|\u2606Acastillo631\n|j|\u2606kangarooteam1\n|t:|1788286353\n|gametype|singles\n|player|p1|Acastillo631|silver|1667\n|player|p2|kangarooteam1|1|1630\n|gen|9\n|tier|[Gen 9] OU\n|rated|\n|rule|HP Percentage Mod: HP is shown in percentages\n|rule|Endless Battle Clause: Forcing endless battles is banned\n|rule|Species Clause: Limit one of each Pok\u00e9mon\n|rule|OHKO Clause: OHKO moves are banned\n|rule|Evasion Items Clause: Evasion items are banned\n|rule|Evasion Moves Clause: Evasion moves are banned\n|rule|Evasion Abilities Clause: Evasion abilities are banned\n|rule|Sleep Moves Clause: Sleep-inducing moves are banned\n|clearpoke\n|poke|p1|Iron Valiant|\n|poke|p1|Sinistcha|\n|poke|p1|Klefki, M|\n|poke|p1|Iron Treads|\n|poke|p1|Tyranitar, M|\n|poke|p1|Samurott-Hisui, M|\n|poke|p2|Great Tusk|\n|poke|p2|Gholdengo|\n|poke|p2|Raging Bolt|\n|poke|p2|Iron Valiant|\n|poke|p2|Ogerpon-Wellspring, F|\n|poke|p2|Kingambit, M|\n|teampreview\n|inactive|Battle timer is ON: inactive players will automatically lose when time's up. (requested by kangarooteam1)\n|inactive|Acastillo631 has 120 seconds left.\n|\n|t:|1788286404\n|teamsize|p1|6\n|teamsize|p2|6\n|start\n|switch|p1a: Blade Armor|Samurott-Hisui, M|100/100\n|switch|p2a: Kingambit|Kingambit, M|100/100\n|turn|1\n|\n|t:|1788286408\n|move|p1a: Blade Armor|Ceaseless Edge|p2a: Kingambit\n|-resisted|p2a: Kingambit\n|-damage|p2a: Kingambit|83/100\n|-sidestart|p2: kangarooteam1|Spikes\n|move|p2a: Kingambit|Swords Dance|p2a: Kingambit\n|-boost|p2a: Kingambit|atk|2\n|\n|-heal|p2a: Kingambit|89/100|[from] item: Leftovers\n|upkeep\n|turn|2\n|\n|t:|1788286414\n|move|p1a: Blade Armor|Sacred Sword|p2a: Kingambit\n|-supereffective|p2a: Kingambit\n|-damage|p2a: Kingambit|0 fnt\n|faint|p2a: Kingambit\n|-end|p2a: Kingambit|fallenundefined|[silent]\n|\n|upkeep\n|\n|t:|1788286415\n|switch|p2a: Raging Bolt|Raging Bolt|100/100\n|-damage|p2a: Raging Bolt|88/100|[from] Spikes\n|turn|3\n|\n|t:|1788286423\n|move|p1a: Blade Armor|Knock Off|p2a: Raging Bolt\n|-damage|p2a: Raging Bolt|53/100\n|-enditem|p2a: Raging Bolt|Leftovers|[from] move: Knock Off|[of] p1a: Blade Armor\n|move|p2a: Raging Bolt|Calm Mind|p2a: Raging Bolt\n|-boost|p2a: Raging Bolt|spa|1\n|-boost|p2a: Raging Bolt|spd|1\n|\n|upkeep\n|turn|4\n|\n|t:|1788286433\n|switch|p1a: Eregion|Tyranitar, M|100/100\n|-weather|Sandstorm|[from] ability: Sand Stream|[of] p1a: Eregion\n|move|p2a: Raging Bolt|Dragon Pulse|p1a: Eregion\n|-damage|p1a: Eregion|71/100\n|\n|-weather|Sandstorm|[upkeep]\n|-damage|p2a: Raging Bolt|47/100|[from] Sandstorm\n|-heal|p1a: Eregion|77/100|[from] item: Leftovers\n|upkeep\n|turn|5\n|\n|t:|1788286436\n|move|p2a: Raging Bolt|Thunderbolt|p1a: Eregion\n|-damage|p1a: Eregion|41/100\n|move|p1a: Eregion|Stealth Rock|p2a: Raging Bolt\n|-sidestart|p2: kangarooteam1|move: Stealth Rock\n|\n|-weather|Sandstorm|[upkeep]\n|-damage|p2a: Raging Bolt|41/100|[from] Sandstorm\n|-heal|p1a: Eregion|47/100|[from] item: Leftovers\n|upkeep\n|turn|6\n|\n|t:|1788286438\n|move|p2a: Raging Bolt|Dragon Pulse|p1a: Eregion\n|-damage|p1a: Eregion|17/100\n|move|p1a: Eregion|Roar|p2a: Raging Bolt\n|-end|p2a: Raging Bolt|Protosynthesis|[silent]\n|drag|p2a: Gholdengo|Gholdengo|100/100\n|-damage|p2a: Gholdengo|94/100|[from] Stealth Rock\n|-item|p2a: Gholdengo|Air Balloon\n|\n|-weather|Sandstorm|[upkeep]\n|-heal|p1a: Eregion|23/100|[from] item: Leftovers\n|upkeep\n|turn|7\n|\n|t:|1788286440\n|move|p2a: Gholdengo|Make It Rain|p1a: Eregion\n|-supereffective|p1a: Eregion\n|-damage|p1a: Eregion|0 fnt\n|-unboost|p2a: Gholdengo|spa|1\n|faint|p1a: Eregion\n|\n|-weather|Sandstorm|[upkeep]\n|upkeep\n|\n|t:|1788286442\n|switch|p1a: Blade Armor|Samurott-Hisui, M|100/100\n|turn|8\n|\n|t:|1788286444\n|switch|p2a: Great Tusk|Great Tusk|100/100\n|-damage|p2a: Great Tusk|88/100|[from] Spikes\n|-damage|p2a: Great Tusk|85/100|[from] Stealth Rock\n|move|p1a: Blade Armor|Ceaseless Edge|p2a: Great Tusk\n|-resisted|p2a: Great Tusk\n|-damage|p2a: Great Tusk|73/100\n|-sidestart|p2: kangarooteam1|Spikes\n|\n|-weather|none\n|-heal|p2a: Great Tusk|79/100|[from] item: Leftovers\n|upkeep\n|turn|9\n|\n|t:|1788286449\n|switch|p1a: Wire Sponge|Sinistcha|100/100\n|move|p2a: Great Tusk|Knock Off|p1a: Wire Sponge\n|-supereffective|p1a: Wire Sponge\n|-damage|p1a: Wire Sponge|55/100\n|-enditem|p1a: Wire Sponge|Heavy-Duty Boots|[from] move: Knock Off|[of] p2a: Great Tusk\n|\n|-heal|p2a: Great Tusk|86/100|[from] item: Leftovers\n|upkeep\n|turn|10\n|\n|t:|1788286451\n|-end|p2a: Great Tusk|Protosynthesis|[silent]\n|switch|p2a: Gholdengo|Gholdengo|94/100\n|-damage|p2a: Gholdengo|88/100|[from] Stealth Rock\n|-item|p2a: Gholdengo|Air Balloon\n|move|p1a: Wire Sponge|Shadow Ball|p2a: Gholdengo\n|-supereffective|p2a: Gholdengo\n|-damage|p2a: Gholdengo|10/100\n|-enditem|p2a: Gholdengo|Air Balloon\n|\n|upkeep\n|turn|11\n|\n|t:|1788286455\n|switch|p1a: Blade Armor|Samurott-Hisui, M|100/100\n|move|p2a: Gholdengo|Make It Rain|p1a: Blade Armor\n|-resisted|p1a: Blade Armor\n|-damage|p1a: Blade Armor|50/100\n|-unboost|p2a: Gholdengo|spa|1\n|\n|upkeep\n|turn|12\n|\n|t:|1788286458\n|switch|p2a: Great Tusk|Great Tusk|86/100\n|-damage|p2a: Great Tusk|69/100|[from] Spikes\n|-damage|p2a: Great Tusk|66/100|[from] Stealth Rock\n|move|p1a: Blade Armor|Razor Shell|p2a: Great Tusk\n|-supereffective|p2a: Great Tusk\n|-damage|p2a: Great Tusk|16/100\n|-unboost|p2a: Great Tusk|def|1\n|\n|-heal|p2a: Great Tusk|22/100|[from] item: Leftovers\n|upkeep\n|turn|13\n|\n|t:|1788286465\n|switch|p1a: Redips|Klefki, M|100/100\n|move|p2a: Great Tusk|Rapid Spin|p1a: Redips\n|-resisted|p1a: Redips\n|-damage|p1a: Redips|95/100\n|-boost|p2a: Great Tusk|spe|1\n|-damage|p2a: Great Tusk|5/100|[from] item: Rocky Helmet|[of] p1a: Redips\n|-sideend|p2: kangarooteam1|Spikes|[from] move: Rapid Spin|[of] p2a: Great Tusk\n|-sideend|p2: kangarooteam1|Stealth Rock|[from] move: Rapid Spin|[of] p2a: Great Tusk\n|\n|-heal|p2a: Great Tusk|12/100|[from] item: Leftovers\n|upkeep\n|turn|14\n|\n|t:|1788286469\n|move|p1a: Redips|Magnet Rise|p1a: Redips\n|-start|p1a: Redips|Magnet Rise\n|move|p2a: Great Tusk|Stealth Rock|p1a: Redips\n|-sidestart|p1: Acastillo631|move: Stealth Rock\n|\n|-heal|p2a: Great Tusk|18/100|[from] item: Leftovers\n|upkeep\n|turn|15\n|\n|t:|1788286470\n|move|p1a: Redips|Spikes|p2a: Great Tusk\n|-sidestart|p2: kangarooteam1|Spikes\n|move|p2a: Great Tusk|Knock Off|p1a: Redips\n|-resisted|p1a: Redips\n|-damage|p1a: Redips|84/100\n|-damage|p2a: Great Tusk|1/100|[from] item: Rocky Helmet|[of] p1a: Redips\n|-enditem|p1a: Redips|Rocky Helmet|[from] move: Knock Off|[of] p2a: Great Tusk\n|\n|-heal|p2a: Great Tusk|7/100|[from] item: Leftovers\n|upkeep\n|turn|16\n|\n|t:|1788286471\n|move|p1a: Redips|Spikes|p2a: Great Tusk\n|-sidestart|p2: kangarooteam1|Spikes\n|move|p2a: Great Tusk|Knock Off|p1a: Redips\n|-resisted|p1a: Redips\n|-damage|p1a: Redips|77/100\n|\n|-heal|p2a: Great Tusk|14/100|[from] item: Leftovers\n|upkeep\n|turn|17\n|j| dfe-494ffjfj\n|\n|t:|1788286477\n|switch|p1a: Wire Sponge|Sinistcha|55/100\n|-damage|p1a: Wire Sponge|43/100|[from] Stealth Rock\n|move|p2a: Great Tusk|Rapid Spin|p1a: Wire Sponge\n|-immune|p1a: Wire Sponge\n|\n|-heal|p2a: Great Tusk|20/100|[from] item: Leftovers\n|upkeep\n|turn|18\n|\n|t:|1788286479\n|-end|p2a: Great Tusk|Protosynthesis|[silent]\n|switch|p2a: Gholdengo|Gholdengo|10/100\n|-damage|p2a: Gholdengo|0 fnt|[from] Spikes\n|faint|p2a: Gholdengo\n|move|p1a: Wire Sponge|Strength Sap|p2: Gholdengo|[notarget]\n|-fail|p1a: Wire Sponge\n|\n|upkeep\n|\n|t:|1788286480\n|switch|p2a: Iron Valiant|Iron Valiant|100/100\n|-damage|p2a: Iron Valiant|84/100|[from] Spikes\n|-enditem|p2a: Iron Valiant|Booster Energy\n|-activate|p2a: Iron Valiant|ability: Quark Drive|[fromitem]\n|-start|p2a: Iron Valiant|quarkdrivespe\n|turn|19\n|l| dfe-494ffjfj\n|\n|t:|1788286503\n|switch|p1a: Redips|Klefki, M|77/100\n|-damage|p1a: Redips|71/100|[from] Stealth Rock\n|move|p2a: Iron Valiant|Moonblast|p1a: Redips\n|-resisted|p1a: Redips\n|-damage|p1a: Redips|43/100\n|-unboost|p1a: Redips|spa|1\n|\n|upkeep\n|turn|20\n|\n|t:|1788286505\n|move|p1a: Redips|Thunder Wave|p2a: Iron Valiant\n|-status|p2a: Iron Valiant|par\n|move|p2a: Iron Valiant|Moonblast|p1a: Redips\n|-resisted|p1a: Redips\n|-damage|p1a: Redips|14/100\n|\n|upkeep\n|turn|21\n|\n|t:|1788286524\n|move|p1a: Redips|Spikes|p2a: Iron Valiant\n|-sidestart|p2: kangarooteam1|Spikes\n|move|p2a: Iron Valiant|Encore|p1a: Redips\n|-start|p1a: Redips|Encore\n|\n|upkeep\n|turn|22\n|\n|t:|1788286533\n|move|p1a: Redips|Spikes||[still]\n|-fail|p1a: Redips\n|move|p2a: Iron Valiant|Close Combat|p1a: Redips\n|-damage|p1a: Redips|0 fnt\n|-unboost|p2a: Iron Valiant|def|1\n|-unboost|p2a: Iron Valiant|spd|1\n|faint|p1a: Redips\n|\n|upkeep\n|\n|t:|1788286536\n|switch|p1a: Armored Armadillo|Iron Treads|100/100\n|-damage|p1a: Armored Armadillo|97/100|[from] Stealth Rock\n|-item|p1a: Armored Armadillo|Air Balloon\n|turn|23\n|\n|t:|1788286537\n|-end|p2a: Iron Valiant|Quark Drive|[silent]\n|switch|p2a: Great Tusk|Great Tusk|20/100\n|-damage|p2a: Great Tusk|0 fnt|[from] Spikes\n|faint|p2a: Great Tusk\n|-end|p2a: Great Tusk|Protosynthesis|[silent]\n|move|p1a: Armored Armadillo|Earthquake|p2: Great Tusk|[notarget]\n|-fail|p1a: Armored Armadillo\n|\n|upkeep\n|\n|t:|1788286538\n|switch|p2a: Ogerpon|Ogerpon-Wellspring, F|100/100\n|-damage|p2a: Ogerpon|76/100|[from] Spikes\n|turn|24\n|j| Shucklepilled\n|inactive|Acastillo631 has 120 seconds left.\n|\n|t:|1788286573\n|move|p2a: Ogerpon|Horn Leech|p1a: Armored Armadillo\n|-damage|p1a: Armored Armadillo|55/100\n|-heal|p2a: Ogerpon|99/100|[from] drain|[of] p1a: Armored Armadillo\n|-enditem|p1a: Armored Armadillo|Air Balloon\n|move|p1a: Armored Armadillo|Earthquake|p2a: Ogerpon\n|-resisted|p2a: Ogerpon\n|-damage|p2a: Ogerpon|70/100\n|\n|upkeep\n|turn|25\n|\n|t:|1788286579\n|move|p2a: Ogerpon|Ivy Cudgel|p1a: Armored Armadillo|[anim] Ivy Cudgel Water\n|-supereffective|p1a: Armored Armadillo\n|-damage|p1a: Armored Armadillo|0 fnt\n|faint|p1a: Armored Armadillo\n|-end|p1a: Armored Armadillo|Quark Drive|[silent]\n|\n|upkeep\n|inactive|Acastillo631 has 120 seconds left.\n|\n|t:|1788286592\n|switch|p1a: Sage Harpuia|Iron Valiant|100/100\n|-damage|p1a: Sage Harpuia|94/100|[from] Stealth Rock\n|-enditem|p1a: Sage Harpuia|Booster Energy\n|-activate|p1a: Sage Harpuia|ability: Quark Drive|[fromitem]\n|-start|p1a: Sage Harpuia|quarkdrivespe\n|turn|26\n|\n|t:|1788286596\n|move|p1a: Sage Harpuia|Close Combat|p2a: Ogerpon\n|-damage|p2a: Ogerpon|5/100\n|-unboost|p1a: Sage Harpuia|def|1\n|-unboost|p1a: Sage Harpuia|spd|1\n|move|p2a: Ogerpon|Horn Leech|p1a: Sage Harpuia\n|-damage|p1a: Sage Harpuia|6/100\n|-heal|p2a: Ogerpon|48/100|[from] drain|[of] p1a: Sage Harpuia\n|\n|upkeep\n|turn|27\n|\n|t:|1788286599\n|move|p1a: Sage Harpuia|Close Combat|p2a: Ogerpon\n|-damage|p2a: Ogerpon|0 fnt\n|-unboost|p1a: Sage Harpuia|def|1\n|-unboost|p1a: Sage Harpuia|spd|1\n|faint|p2a: Ogerpon\n|\n|upkeep\n|\n|t:|1788286602\n|switch|p2a: Raging Bolt|Raging Bolt|41/100\n|-damage|p2a: Raging Bolt|16/100|[from] Spikes\n|turn|28\n|j| dfe-494ffjfj\n|\n|t:|1788286623\n|move|p2a: Raging Bolt|Thunderclap||[still]\n|-fail|p2a: Raging Bolt\n|move|p1a: Sage Harpuia|Encore|p2a: Raging Bolt\n|-start|p2a: Raging Bolt|Encore\n|\n|upkeep\n|turn|29\n|l| dfe-494ffjfj\n|\n|t:|1788286634\n|move|p2a: Raging Bolt|Thunderclap||[still]\n|-fail|p2a: Raging Bolt\n|move|p1a: Sage Harpuia|Encore||[still]\n|-fail|p1a: Sage Harpuia\n|\n|upkeep\n|turn|30\n|\n|t:|1788286636\n|move|p2a: Raging Bolt|Thunderclap||[still]\n|-fail|p2a: Raging Bolt\n|move|p1a: Sage Harpuia|Encore||[still]\n|-fail|p1a: Sage Harpuia\n|\n|upkeep\n|turn|31\n|\n|t:|1788286638\n|move|p2a: Raging Bolt|Thunderclap||[still]\n|-fail|p2a: Raging Bolt\n|move|p1a: Sage Harpuia|Encore||[still]\n|-fail|p1a: Sage Harpuia\n|\n|-end|p2a: Raging Bolt|Encore\n|upkeep\n|turn|32\n|\n|t:|1788286640\n|move|p2a: Raging Bolt|Thunderclap||[still]\n|-fail|p2a: Raging Bolt\n|move|p1a: Sage Harpuia|Encore|p2a: Raging Bolt\n|-start|p2a: Raging Bolt|Encore\n|\n|upkeep\n|turn|33\n|\n|t:|1788286643\n|-terastallize|p2a: Raging Bolt|Fairy\n|move|p2a: Raging Bolt|Thunderclap||[still]\n|-fail|p2a: Raging Bolt\n|move|p1a: Sage Harpuia|Encore||[still]\n|-fail|p1a: Sage Harpuia\n|\n|upkeep\n|turn|34\n|\n|t:|1788286646\n|move|p2a: Raging Bolt|Thunderclap||[still]\n|-fail|p2a: Raging Bolt\n|move|p1a: Sage Harpuia|Encore||[still]\n|-fail|p1a: Sage Harpuia\n|\n|upkeep\n|turn|35\n|\n|t:|1788286651\n|move|p2a: Raging Bolt|Thunderclap||[still]\n|-fail|p2a: Raging Bolt\n|move|p1a: Sage Harpuia|Encore||[still]\n|-fail|p1a: Sage Harpuia\n|\n|-end|p2a: Raging Bolt|Encore\n|upkeep\n|turn|36\n|\n|t:|1788286673\n|move|p1a: Sage Harpuia|Moonblast|p2a: Raging Bolt\n|-damage|p2a: Raging Bolt|0 fnt\n|faint|p2a: Raging Bolt\n|-end|p2a: Raging Bolt|Protosynthesis|[silent]\n|\n|upkeep\n|\n|t:|1788286673\n|switch|p2a: Iron Valiant|Iron Valiant|84/100 par\n|-damage|p2a: Iron Valiant|59/100 par|[from] Spikes\n|turn|37\n|inactive|Acastillo631 has 120 seconds left.\n|inactive|Acastillo631 has 90 seconds left.\n|l| Shucklepilled\n|inactive|Acastillo631 has 60 seconds left.\n|j| G-Cis91\n|\n|t:|1788286766\n|move|p1a: Sage Harpuia|Moonblast|p2a: Iron Valiant\n|-supereffective|p2a: Iron Valiant\n|-damage|p2a: Iron Valiant|0 fnt\n|faint|p2a: Iron Valiant\n|-end|p2a: Iron Valiant|Quark Drive|[silent]\n|\n|win|Acastillo631\n|raw|Acastillo631's rating: 1667 &rarr; <strong>1685</strong><br />(+18 for winning)\n|raw|kangarooteam1's rating: 1630 &rarr; <strong>1612</strong><br />(-18 for losing)\n", "uploadtime": 1788286766, "views": "1", "formatid": "gen9ou", "rating": 1612, "private": 0, "password": null}