{"id": "gen9ou-2673952246", "format": "[Gen 9] OU", "players": ["athenes10", "jackyhe"], "log": "|j|\u2606athenes10\n|j|\u2606jackyhe\n|t:|1788281095\n|gametype|singles\n|player|p1|athenes10|drayden|1453\n|player|p2|jackyhe|101|1449\n|gen|9\n|tier|[Gen 9] OU\n|rated|\n|rule|HP Percentage Mod: HP is shown in percentages\n|rule|Endless Battle Clause: Forcing endless battles is banned\n|rule|Species Clause: Limit one of each Pok\u00e9mon\n|rule|OHKO Clause: OHKO moves are banned\n|rule|Evasion Items Clause: Evasion items are banned\n|rule|Evasion Moves Clause: Evasion moves are banned\n|rule|Evasion Abilities Clause: Evasion abilities are banned\n|rule|Sleep Moves Clause: Sleep-inducing moves are banned\n|clearpoke\n|poke|p1|Gholdengo|\n|poke|p1|Ogerpon-Wellspring, F|\n|poke|p1|Slowking-Galar, M|\n|poke|p1|Glimmora, F|\n|poke|p1|Dragonite, M|\n|poke|p1|Great Tusk|\n|poke|p2|Hoopa|\n|poke|p2|Cinderace, M|\n|poke|p2|Mandibuzz, F|\n|poke|p2|Kyurem|\n|poke|p2|Ting-Lu|\n|poke|p2|Manaphy|\n|teampreview\n|c|\u2606jackyhe|hf\n|inactive|Battle timer is ON: inactive players will automatically lose when time's up. (requested by jackyhe)\n|\n|t:|1788281118\n|teamsize|p1|6\n|teamsize|p2|6\n|start\n|switch|p1a: Glimmora|Glimmora, F|100/100\n|switch|p2a: Kyurem|Kyurem|100/100\n|-ability|p2a: Kyurem|Pressure\n|turn|1\n|\n|t:|1788281128\n|move|p2a: Kyurem|Ice Beam|p1a: Glimmora\n|-damage|p1a: Glimmora|25/100\n|-status|p1a: Glimmora|frz\n|-curestatus|p1a: Glimmora|frz|[msg]\n|move|p1a: Glimmora|Power Gem|p2a: Kyurem\n|-supereffective|p2a: Kyurem\n|-damage|p2a: Kyurem|19/100\n|\n|upkeep\n|turn|2\n|\n|t:|1788281138\n|switch|p1a: Le roi|Slowking-Galar, M|100/100\n|move|p2a: Kyurem|Ice Beam|p1a: Le roi\n|-damage|p1a: Le roi|74/100\n|\n|upkeep\n|turn|3\n|\n|t:|1788281149\n|move|p2a: Kyurem|Ice Beam|p1a: Le roi\n|-damage|p1a: Le roi|47/100\n|-prepare|p1a: Le roi|Chilly Reception|[premajor]\n|move|p1a: Le roi|Chilly Reception|p1a: Le roi\n|-weather|Snowscape\n|\n|t:|1788281165\n|switch|p1a: Ficelo|Gholdengo|100/100|[from] Chilly Reception\n|\n|-weather|Snowscape|[upkeep]\n|upkeep\n|turn|4\n|\n|t:|1788281175\n|switch|p2a: Ting-Lucifer|Ting-Lu|100/100\n|-ability|p2a: Ting-Lucifer|Vessel of Ruin\n|move|p1a: Ficelo|Make It Rain|p2a: Ting-Lucifer\n|-damage|p2a: Ting-Lucifer|68/100\n|-unboost|p1a: Ficelo|spa|1\n|\n|-weather|Snowscape|[upkeep]\n|upkeep\n|turn|5\n|\n|t:|1788281191\n|switch|p1a: Arlequin|Ogerpon-Wellspring, F|100/100\n|switch|p2a: Kyurem|Kyurem|19/100\n|-ability|p2a: Kyurem|Pressure\n|\n|-weather|Snowscape|[upkeep]\n|upkeep\n|turn|6\n|\n|t:|1788281204\n|move|p2a: Kyurem|Freeze-Dry|p1a: Arlequin\n|-supereffective|p1a: Arlequin\n|-crit|p1a: Arlequin\n|-damage|p1a: Arlequin|0 fnt\n|faint|p1a: Arlequin\n|\n|-weather|Snowscape|[upkeep]\n|upkeep\n|inactive|athenes10 has 120 seconds left.\n|\n|t:|1788281214\n|switch|p1a: Ficelo|Gholdengo|100/100\n|turn|7\n|\n|t:|1788281223\n|switch|p2a: Hoopa|Hoopa|100/100\n|move|p1a: Ficelo|Focus Blast|p2a: Hoopa\n|-immune|p2a: Hoopa\n|\n|-weather|none\n|upkeep\n|turn|8\n|\n|t:|1788281235\n|switch|p1a: Glimmora|Glimmora, F|25/100\n|move|p2a: Hoopa|Shadow Ball|p1a: Glimmora\n|-crit|p1a: Glimmora\n|-damage|p1a: Glimmora|0 fnt\n|faint|p1a: Glimmora\n|\n|upkeep\n|\n|t:|1788281249\n|switch|p1a: Ficelo|Gholdengo|100/100\n|turn|9\n|\n|t:|1788281256\n|-terastallize|p2a: Hoopa|Fairy\n|move|p1a: Ficelo|Shadow Ball|p2a: Hoopa\n|-damage|p2a: Hoopa|63/100\n|-unboost|p2a: Hoopa|spd|1\n|move|p2a: Hoopa|Shadow Ball|p1a: Ficelo\n|-supereffective|p1a: Ficelo\n|-damage|p1a: Ficelo|0 fnt\n|faint|p1a: Ficelo\n|\n|upkeep\n|inactive|athenes10 has 120 seconds left.\n|\n|t:|1788281283\n|switch|p1a: Le roi|Slowking-Galar, M|80/100\n|turn|10\n|\n|t:|1788281293\n|move|p2a: Hoopa|Shadow Ball|p1a: Le roi\n|-supereffective|p1a: Le roi\n|-damage|p1a: Le roi|26/100\n|-prepare|p1a: Le roi|Chilly Reception|[premajor]\n|move|p1a: Le roi|Chilly Reception|p1a: Le roi\n|-weather|Snowscape\n|\n|t:|1788281300\n|switch|p1a: Dragonite|Dragonite, M|100/100|[from] Chilly Reception\n|\n|-weather|Snowscape|[upkeep]\n|upkeep\n|turn|11\n|inactive|athenes10 has 120 seconds left.\n|\n|t:|1788281308\n|switch|p2a: Mandibuzz|Mandibuzz, F, shiny|100/100\n|move|p1a: Dragonite|Dragon Dance|p1a: Dragonite\n|-boost|p1a: Dragonite|atk|1\n|-boost|p1a: Dragonite|spe|1\n|\n|-weather|Snowscape|[upkeep]\n|upkeep\n|turn|12\n|inactive|athenes10 has 120 seconds left.\n|\n|t:|1788281319\n|move|p1a: Dragonite|Dragon Claw|p2a: Mandibuzz\n|-damage|p2a: Mandibuzz|58/100\n|-damage|p1a: Dragonite|84/100|[from] item: Rocky Helmet|[of] p2a: Mandibuzz\n|move|p2a: Mandibuzz|Toxic|p1a: Dragonite\n|-status|p1a: Dragonite|tox\n|\n|-weather|Snowscape|[upkeep]\n|-damage|p1a: Dragonite|78/100 tox|[from] psn\n|upkeep\n|turn|13\n|inactive|athenes10 has 120 seconds left.\n|\n|t:|1788281330\n|switch|p1a: Great Tusk|Great Tusk|100/100\n|move|p2a: Mandibuzz|Roost|p2a: Mandibuzz\n|-heal|p2a: Mandibuzz|100/100\n|-singleturn|p2a: Mandibuzz|move: Roost\n|\n|-weather|Snowscape|[upkeep]\n|upkeep\n|turn|14\n|\n|t:|1788281340\n|move|p1a: Great Tusk|Knock Off|p2a: Mandibuzz\n|-resisted|p2a: Mandibuzz\n|-damage|p2a: Mandibuzz|90/100\n|-damage|p1a: Great Tusk|84/100|[from] item: Rocky Helmet|[of] p2a: Mandibuzz\n|-enditem|p2a: Mandibuzz|Rocky Helmet|[from] move: Knock Off|[of] p1a: Great Tusk\n|move|p2a: Mandibuzz|Foul Play|p1a: Great Tusk\n|-resisted|p1a: Great Tusk\n|-damage|p1a: Great Tusk|67/100\n|\n|-weather|none\n|upkeep\n|turn|15\n|\n|t:|1788281351\n|move|p1a: Great Tusk|Ice Spinner|p2a: Mandibuzz\n|-supereffective|p2a: Mandibuzz\n|-damage|p2a: Mandibuzz|55/100\n|move|p2a: Mandibuzz|Foul Play|p1a: Great Tusk\n|-resisted|p1a: Great Tusk\n|-damage|p1a: Great Tusk|49/100\n|\n|upkeep\n|turn|16\n|\n|t:|1788281358\n|move|p1a: Great Tusk|Ice Spinner|p2a: Mandibuzz\n|-supereffective|p2a: Mandibuzz\n|-damage|p2a: Mandibuzz|19/100\n|move|p2a: Mandibuzz|Roost|p2a: Mandibuzz\n|-heal|p2a: Mandibuzz|69/100\n|-singleturn|p2a: Mandibuzz|move: Roost\n|\n|upkeep\n|turn|17\n|-message|athenes10 forfeited.\n|\n|win|jackyhe\n|raw|athenes10's rating: 1453 &rarr; <strong>1433</strong><br />(-20 for losing)\n|raw|jackyhe's rating: 1454 &rarr; <strong>1474</strong><br />(+20 for winning)\n|l|\u2606athenes10\n|player|p1|\n|c|\u2606jackyhe|gg\n|l|\u2606jackyhe\n|player|p2|\n", "uploadtime": 1788281532, "views": "3", "formatid": "gen9ou", "rating": 1433, "private": 0, "password": null}