{"id": "gen9ou-2673975863", "format": "[Gen 9] OU", "players": ["cebtheo", "ChoiceSpecsGoomy"], "log": "|j|\u2606cebtheo\n|j|\u2606ChoiceSpecsGoomy\n|t:|1788283863\n|gametype|singles\n|player|p1|cebtheo|aaron|1549\n|player|p2|ChoiceSpecsGoomy|battlegirl-gen4|1518\n|gen|9\n|tier|[Gen 9] OU\n|rated|\n|rule|HP Percentage Mod: HP is shown in percentages\n|rule|Endless Battle Clause: Forcing endless battles is banned\n|rule|Species Clause: Limit one of each Pok\u00e9mon\n|rule|OHKO Clause: OHKO moves are banned\n|rule|Evasion Items Clause: Evasion items are banned\n|rule|Evasion Moves Clause: Evasion moves are banned\n|rule|Evasion Abilities Clause: Evasion abilities are banned\n|rule|Sleep Moves Clause: Sleep-inducing moves are banned\n|clearpoke\n|poke|p1|Garchomp, M|\n|poke|p1|Corviknight, M|\n|poke|p1|Blissey, F|\n|poke|p1|Toxapex, M|\n|poke|p1|Dondozo, M|\n|poke|p1|Hydrapple, M|\n|poke|p2|Pelipper, M|\n|poke|p2|Goodra, F|\n|poke|p2|Raging Bolt|\n|poke|p2|Kingambit, F|\n|poke|p2|Barraskewda, F|\n|poke|p2|Iron Treads|\n|teampreview\n|inactive|Battle timer is ON: inactive players will automatically lose when time's up. (requested by cebtheo)\n|\n|t:|1788283894\n|teamsize|p1|6\n|teamsize|p2|6\n|start\n|switch|p1a: Toxapex|Toxapex, M|100/100\n|switch|p2a: Goodra|Goodra, F|100/100\n|turn|1\n|\n|t:|1788283900\n|move|p2a: Goodra|Draco Meteor|p1a: Toxapex\n|-damage|p1a: Toxapex|33/100\n|-unboost|p2a: Goodra|spa|2\n|-damage|p2a: Goodra|91/100|[from] item: Life Orb\n|move|p1a: Toxapex|Toxic|p2a: Goodra\n|-status|p2a: Goodra|tox\n|\n|-damage|p2a: Goodra|84/100 tox|[from] psn\n|upkeep\n|turn|2\n|\n|t:|1788283912\n|switch|p2a: Pelipper|Pelipper, M|100/100\n|-weather|RainDance|[from] ability: Drizzle|[of] p2a: Pelipper\n|switch|p1a: Corviknight|Corviknight, M|100/100\n|-ability|p1a: Corviknight|Pressure\n|\n|-weather|RainDance|[upkeep]\n|upkeep\n|turn|3\n|\n|t:|1788283915\n|switch|p1a: Toxapex|Toxapex, M|67/100\n|move|p2a: Pelipper|U-turn|p1a: Toxapex\n|-resisted|p1a: Toxapex\n|-damage|p1a: Toxapex|64/100\n|\n|t:|1788283918\n|switch|p2a: Goodra|Goodra, F|84/100 tox|[from] U-turn\n|\n|-weather|RainDance|[upkeep]\n|-activate|p2a: Goodra|ability: Hydration\n|-curestatus|p2a: Goodra|tox|[msg]\n|upkeep\n|turn|4\n|\n|t:|1788283932\n|switch|p2a: Barraskewda|Barraskewda, F|100/100\n|switch|p1a: Blissey|Blissey, F|100/100\n|\n|-weather|RainDance|[upkeep]\n|upkeep\n|turn|5\n|\n|t:|1788283938\n|switch|p1a: Corviknight|Corviknight, M|100/100\n|-ability|p1a: Corviknight|Pressure\n|move|p2a: Barraskewda|Flip Turn|p1a: Corviknight\n|-damage|p1a: Corviknight|53/100\n|-damage|p2a: Barraskewda|84/100|[from] item: Rocky Helmet|[of] p1a: Corviknight\n|\n|t:|1788283950\n|switch|p2a: Raging Bolt|Raging Bolt|100/100|[from] Flip Turn\n|-enditem|p2a: Raging Bolt|Booster Energy\n|-activate|p2a: Raging Bolt|ability: Protosynthesis|[fromitem]\n|-start|p2a: Raging Bolt|protosynthesisspa\n|\n|-weather|RainDance|[upkeep]\n|upkeep\n|turn|6\n|\n|t:|1788283962\n|-end|p2a: Raging Bolt|Protosynthesis|[silent]\n|switch|p2a: Barraskewda|Barraskewda, F|84/100\n|switch|p1a: Blissey|Blissey, F|100/100\n|\n|-weather|RainDance|[upkeep]\n|upkeep\n|turn|7\n|\n|t:|1788283970\n|switch|p1a: Garchomp|Garchomp, M|100/100\n|move|p2a: Barraskewda|Liquidation|p1a: Garchomp\n|-damage|p1a: Garchomp|31/100\n|-damage|p2a: Barraskewda|72/100|[from] ability: Rough Skin|[of] p1a: Garchomp\n|-damage|p2a: Barraskewda|56/100|[from] item: Rocky Helmet|[of] p1a: Garchomp\n|\n|-weather|RainDance|[upkeep]\n|upkeep\n|turn|8\n|\n|t:|1788283979\n|move|p2a: Barraskewda|Liquidation|p1a: Garchomp\n|-damage|p1a: Garchomp|0 fnt\n|-damage|p2a: Barraskewda|43/100|[from] ability: Rough Skin|[of] p1a: Garchomp\n|-damage|p2a: Barraskewda|27/100|[from] item: Rocky Helmet|[of] p1a: Garchomp\n|faint|p1a: Garchomp\n|\n|-weather|RainDance|[upkeep]\n|upkeep\n|\n|t:|1788283988\n|switch|p1a: Corviknight|Corviknight, M|53/100\n|-ability|p1a: Corviknight|Pressure\n|turn|9\n|\n|t:|1788283996\n|move|p2a: Barraskewda|Liquidation|p1a: Corviknight\n|-damage|p1a: Corviknight|0 fnt\n|-damage|p2a: Barraskewda|11/100|[from] item: Rocky Helmet|[of] p1a: Corviknight\n|faint|p1a: Corviknight\n|\n|-weather|none\n|upkeep\n|\n|t:|1788284002\n|switch|p1a: Hydrapple|Hydrapple, M|100/100\n|turn|10\n|\n|t:|1788284012\n|switch|p2a: Iron Treads|Iron Treads|100/100\n|-item|p2a: Iron Treads|Air Balloon\n|move|p1a: Hydrapple|Nasty Plot|p1a: Hydrapple\n|-boost|p1a: Hydrapple|spa|2\n|\n|upkeep\n|turn|11\n|\n|t:|1788284016\n|move|p2a: Iron Treads|Steel Beam|p1a: Hydrapple\n|-damage|p1a: Hydrapple|55/100\n|-damage|p2a: Iron Treads|50/100|[from] steelbeam\n|move|p1a: Hydrapple|Giga Drain|p2a: Iron Treads\n|-damage|p2a: Iron Treads|0 fnt\n|-heal|p1a: Hydrapple|74/100|[from] drain|[of] p2a: Iron Treads\n|-enditem|p2a: Iron Treads|Air Balloon\n|faint|p2a: Iron Treads\n|-end|p2a: Iron Treads|Quark Drive|[silent]\n|\n|upkeep\n|\n|t:|1788284026\n|switch|p2a: Goodra|Goodra, F|84/100\n|turn|12\n|\n|t:|1788284041\n|-terastallize|p1a: Hydrapple|Poison\n|move|p2a: Goodra|Draco Meteor|p1a: Hydrapple\n|-damage|p1a: Hydrapple|0 fnt\n|-unboost|p2a: Goodra|spa|2\n|faint|p1a: Hydrapple\n|-damage|p2a: Goodra|74/100|[from] item: Life Orb\n|\n|upkeep\n|\n|t:|1788284049\n|switch|p1a: Blissey|Blissey, F|100/100\n|turn|13\n|\n|t:|1788284058\n|switch|p2a: Pelipper|Pelipper, M|100/100\n|-weather|RainDance|[from] ability: Drizzle|[of] p2a: Pelipper\n|move|p1a: Blissey|Seismic Toss|p2a: Pelipper\n|-damage|p2a: Pelipper|70/100\n|\n|-weather|RainDance|[upkeep]\n|upkeep\n|turn|14\n|\n|t:|1788284065\n|move|p2a: Pelipper|U-turn|p1a: Blissey\n|-crit|p1a: Blissey\n|-damage|p1a: Blissey|86/100\n|\n|t:|1788284068\n|switch|p2a: Kingambit|Kingambit, F|100/100|[from] U-turn\n|-activate|p2a: Kingambit|ability: Supreme Overlord\n|-start|p2a: Kingambit|fallen1|[silent]\n|move|p1a: Blissey|Seismic Toss|p2a: Kingambit\n|-damage|p2a: Kingambit|76/100\n|\n|-weather|RainDance|[upkeep]\n|-heal|p2a: Kingambit|82/100|[from] item: Leftovers\n|upkeep\n|turn|15\n|\n|t:|1788284073\n|switch|p1a: Dondozo|Dondozo, M|100/100\n|move|p2a: Kingambit|Swords Dance|p2a: Kingambit\n|-boost|p2a: Kingambit|atk|2\n|\n|-weather|RainDance|[upkeep]\n|-heal|p2a: Kingambit|88/100|[from] item: Leftovers\n|upkeep\n|turn|16\n|\n|t:|1788284077\n|-end|p2a: Kingambit|fallen1|[silent]\n|switch|p2a: Goodra|Goodra, F|74/100\n|move|p1a: Dondozo|Waterfall|p2a: Goodra\n|-resisted|p2a: Goodra\n|-damage|p2a: Goodra|45/100\n|\n|-weather|RainDance|[upkeep]\n|upkeep\n|turn|17\n|\n|t:|1788284081\n|switch|p1a: Blissey|Blissey, F|86/100\n|move|p2a: Goodra|Rest|p2a: Goodra\n|-status|p2a: Goodra|slp|[from] move: Rest\n|-heal|p2a: Goodra|100/100 slp|[silent]\n|\n|-weather|RainDance|[upkeep]\n|-activate|p2a: Goodra|ability: Hydration\n|-curestatus|p2a: Goodra|slp|[msg]\n|upkeep\n|turn|18\n|\n|t:|1788284093\n|move|p2a: Goodra|Draco Meteor|p1a: Blissey\n|-damage|p1a: Blissey|61/100\n|-unboost|p2a: Goodra|spa|2\n|-damage|p2a: Goodra|91/100|[from] item: Life Orb\n|move|p1a: Blissey|Soft-Boiled|p1a: Blissey\n|-heal|p1a: Blissey|100/100\n|\n|-weather|RainDance|[upkeep]\n|upkeep\n|turn|19\n|\n|t:|1788284102\n|switch|p2a: Pelipper|Pelipper, M|70/100\n|move|p1a: Blissey|Seismic Toss|p2a: Pelipper\n|-damage|p2a: Pelipper|39/100\n|\n|-weather|RainDance|[upkeep]\n|upkeep\n|turn|20\n|\n|t:|1788284105\n|move|p2a: Pelipper|Roost|p2a: Pelipper\n|-heal|p2a: Pelipper|89/100\n|-singleturn|p2a: Pelipper|move: Roost\n|move|p1a: Blissey|Seismic Toss|p2a: Pelipper\n|-damage|p2a: Pelipper|58/100\n|\n|-weather|none\n|upkeep\n|turn|21\n|\n|t:|1788284109\n|move|p2a: Pelipper|U-turn|p1a: Blissey\n|-damage|p1a: Blissey|92/100\n|\n|t:|1788284112\n|switch|p2a: Kingambit|Kingambit, F|88/100|[from] U-turn\n|-activate|p2a: Kingambit|ability: Supreme Overlord\n|-start|p2a: Kingambit|fallen1|[silent]\n|move|p1a: Blissey|Seismic Toss|p2a: Kingambit\n|-damage|p2a: Kingambit|63/100\n|\n|-heal|p2a: Kingambit|70/100|[from] item: Leftovers\n|upkeep\n|turn|22\n|\n|t:|1788284115\n|switch|p1a: Dondozo|Dondozo, M|100/100\n|move|p2a: Kingambit|Kowtow Cleave|p1a: Dondozo\n|-damage|p1a: Dondozo|77/100\n|\n|-heal|p2a: Kingambit|76/100|[from] item: Leftovers\n|upkeep\n|turn|23\n|\n|t:|1788284120\n|-end|p2a: Kingambit|fallen1|[silent]\n|switch|p2a: Goodra|Goodra, F|91/100\n|move|p1a: Dondozo|Rest|p1a: Dondozo\n|-status|p1a: Dondozo|slp|[from] move: Rest\n|-heal|p1a: Dondozo|100/100 slp|[silent]\n|\n|upkeep\n|turn|24\n|\n|t:|1788284127\n|switch|p2a: Barraskewda|Barraskewda, F|11/100\n|switch|p1a: Blissey|Blissey, F|92/100\n|\n|upkeep\n|turn|25\n|\n|t:|1788284133\n|switch|p1a: Toxapex|Toxapex, M|97/100\n|move|p2a: Barraskewda|Close Combat|p1a: Toxapex\n|-resisted|p1a: Toxapex\n|-damage|p1a: Toxapex|77/100\n|-unboost|p2a: Barraskewda|def|1\n|-unboost|p2a: Barraskewda|spd|1\n|\n|upkeep\n|turn|26\n|\n|t:|1788284138\n|switch|p2a: Goodra|Goodra, F|91/100\n|move|p1a: Toxapex|Toxic|p2a: Goodra\n|-status|p2a: Goodra|tox\n|\n|-damage|p2a: Goodra|84/100 tox|[from] psn\n|upkeep\n|turn|27\n|\n|t:|1788284141\n|move|p2a: Goodra|Thunder|p1a: Toxapex\n|-supereffective|p1a: Toxapex\n|-damage|p1a: Toxapex|3/100\n|-status|p1a: Toxapex|par\n|-damage|p2a: Goodra|74/100 tox|[from] item: Life Orb\n|move|p1a: Toxapex|Recover|p1a: Toxapex\n|-heal|p1a: Toxapex|53/100 par\n|\n|-damage|p2a: Goodra|62/100 tox|[from] psn\n|upkeep\n|turn|28\n|\n|t:|1788284149\n|switch|p2a: Pelipper|Pelipper, M|58/100\n|-weather|RainDance|[from] ability: Drizzle|[of] p2a: Pelipper\n|switch|p1a: Blissey|Blissey, F|92/100\n|\n|-weather|RainDance|[upkeep]\n|upkeep\n|turn|29\n|\n|t:|1788284153\n|move|p2a: Pelipper|U-turn|p1a: Blissey\n|-damage|p1a: Blissey|83/100\n|\n|t:|1788284154\n|switch|p2a: Goodra|Goodra, F|62/100 tox|[from] U-turn\n|move|p1a: Blissey|Seismic Toss|p2a: Goodra\n|-damage|p2a: Goodra|31/100 tox\n|\n|-weather|RainDance|[upkeep]\n|-activate|p2a: Goodra|ability: Hydration\n|-curestatus|p2a: Goodra|tox|[msg]\n|upkeep\n|turn|30\n|\n|t:|1788284158\n|move|p2a: Goodra|Rest|p2a: Goodra\n|-status|p2a: Goodra|slp|[from] move: Rest\n|-heal|p2a: Goodra|100/100 slp|[silent]\n|move|p1a: Blissey|Seismic Toss|p2a: Goodra\n|-damage|p2a: Goodra|69/100 slp\n|\n|-weather|RainDance|[upkeep]\n|-activate|p2a: Goodra|ability: Hydration\n|-curestatus|p2a: Goodra|slp|[msg]\n|upkeep\n|turn|31\n|\n|t:|1788284163\n|move|p2a: Goodra|Surf|p1a: Blissey\n|-crit|p1a: Blissey\n|-damage|p1a: Blissey|56/100\n|-damage|p2a: Goodra|60/100|[from] item: Life Orb\n|move|p1a: Blissey|Soft-Boiled|p1a: Blissey\n|-heal|p1a: Blissey|100/100\n|\n|-weather|RainDance|[upkeep]\n|upkeep\n|turn|32\n|\n|t:|1788284167\n|move|p2a: Goodra|Surf|p1a: Blissey\n|-damage|p1a: Blissey|84/100\n|-damage|p2a: Goodra|50/100|[from] item: Life Orb\n|move|p1a: Blissey|Seismic Toss|p2a: Goodra\n|-damage|p2a: Goodra|19/100\n|\n|-weather|RainDance|[upkeep]\n|upkeep\n|turn|33\n|\n|t:|1788284169\n|move|p2a: Goodra|Rest|p2a: Goodra\n|-status|p2a: Goodra|slp|[from] move: Rest\n|-heal|p2a: Goodra|100/100 slp|[silent]\n|move|p1a: Blissey|Seismic Toss|p2a: Goodra\n|-damage|p2a: Goodra|69/100 slp\n|\n|-weather|RainDance|[upkeep]\n|-activate|p2a: Goodra|ability: Hydration\n|-curestatus|p2a: Goodra|slp|[msg]\n|upkeep\n|turn|34\n|\n|t:|1788284199\n|switch|p2a: Pelipper|Pelipper, M|58/100\n|move|p1a: Blissey|Seismic Toss|p2a: Pelipper\n|-damage|p2a: Pelipper|27/100\n|\n|-weather|RainDance|[upkeep]\n|upkeep\n|turn|35\n|\n|t:|1788284205\n|move|p2a: Pelipper|Roost|p2a: Pelipper\n|-heal|p2a: Pelipper|77/100\n|-singleturn|p2a: Pelipper|move: Roost\n|move|p1a: Blissey|Seismic Toss|p2a: Pelipper\n|-damage|p2a: Pelipper|46/100\n|\n|-weather|none\n|upkeep\n|turn|36\n|\n|t:|1788284207\n|move|p2a: Pelipper|U-turn|p1a: Blissey\n|-damage|p1a: Blissey|75/100\n|\n|t:|1788284212\n|switch|p2a: Kingambit|Kingambit, F|76/100|[from] U-turn\n|-activate|p2a: Kingambit|ability: Supreme Overlord\n|-start|p2a: Kingambit|fallen1|[silent]\n|move|p1a: Blissey|Seismic Toss|p2a: Kingambit\n|-damage|p2a: Kingambit|51/100\n|\n|-heal|p2a: Kingambit|57/100|[from] item: Leftovers\n|upkeep\n|turn|37\n|\n|t:|1788284220\n|switch|p1a: Dondozo|Dondozo, M|100/100 slp\n|move|p2a: Kingambit|Swords Dance|p2a: Kingambit\n|-boost|p2a: Kingambit|atk|2\n|\n|-heal|p2a: Kingambit|63/100|[from] item: Leftovers\n|upkeep\n|turn|38\n|\n|t:|1788284225\n|-end|p2a: Kingambit|fallen1|[silent]\n|switch|p2a: Raging Bolt|Raging Bolt|100/100\n|cant|p1a: Dondozo|slp\n|move|p1a: Dondozo|Sleep Talk|p1a: Dondozo\n|move|p1a: Dondozo|Curse|p1a: Dondozo|[from] move: Sleep Talk\n|-unboost|p1a: Dondozo|spe|1\n|-boost|p1a: Dondozo|atk|1\n|-boost|p1a: Dondozo|def|1\n|\n|upkeep\n|turn|39\n|\n|t:|1788284228\n|switch|p1a: Blissey|Blissey, F|75/100\n|move|p2a: Raging Bolt|Calm Mind|p2a: Raging Bolt\n|-boost|p2a: Raging Bolt|spa|1\n|-boost|p2a: Raging Bolt|spd|1\n|\n|upkeep\n|turn|40\n|\n|t:|1788284231\n|move|p2a: Raging Bolt|Calm Mind|p2a: Raging Bolt\n|-boost|p2a: Raging Bolt|spa|1\n|-boost|p2a: Raging Bolt|spd|1\n|move|p1a: Blissey|Calm Mind|p1a: Blissey\n|-boost|p1a: Blissey|spa|1\n|-boost|p1a: Blissey|spd|1\n|\n|upkeep\n|turn|41\n|\n|t:|1788284234\n|-end|p2a: Raging Bolt|Protosynthesis|[silent]\n|switch|p2a: Kingambit|Kingambit, F|63/100\n|-activate|p2a: Kingambit|ability: Supreme Overlord\n|-start|p2a: Kingambit|fallen1|[silent]\n|move|p1a: Blissey|Calm Mind|p1a: Blissey\n|-boost|p1a: Blissey|spa|1\n|-boost|p1a: Blissey|spd|1\n|\n|-heal|p2a: Kingambit|70/100|[from] item: Leftovers\n|upkeep\n|turn|42\n|\n|t:|1788284241\n|move|p1a: Blissey|Seismic Toss|p2a: Kingambit\n|-damage|p2a: Kingambit|45/100\n|move|p2a: Kingambit|Iron Head|p1a: Blissey\n|-damage|p1a: Blissey|18/100\n|\n|-heal|p2a: Kingambit|51/100|[from] item: Leftovers\n|upkeep\n|turn|43\n|-message|cebtheo forfeited.\n|\n|win|ChoiceSpecsGoomy\n|raw|cebtheo's rating: 1549 &rarr; <strong>1527</strong><br />(-22 for losing)\n|raw|ChoiceSpecsGoomy's rating: 1518 &rarr; <strong>1540</strong><br />(+22 for winning)\n|l|\u2606cebtheo\n|player|p1|\n|l|\u2606ChoiceSpecsGoomy\n|player|p2|\n", "uploadtime": 1788284249, "views": "6", "formatid": "gen9ou", "rating": 1527, "private": 0, "password": null}