{"id": "gen9ou-2673853680", "format": "[Gen 9] OU", "players": ["ThunderclapnFlash", "kangarooteam1"], "log": "|j|\u2606ThunderclapnFlash\n|j|\u2606kangarooteam1\n|t:|1788268807\n|gametype|singles\n|player|p1|ThunderclapnFlash|2|1563\n|player|p2|kangarooteam1|1|1615\n|gen|9\n|tier|[Gen 9] OU\n|rated|\n|rule|HP Percentage Mod: HP is shown in percentages\n|rule|Endless Battle Clause: Forcing endless battles is banned\n|rule|Species Clause: Limit one of each Pok\u00e9mon\n|rule|OHKO Clause: OHKO moves are banned\n|rule|Evasion Items Clause: Evasion items are banned\n|rule|Evasion Moves Clause: Evasion moves are banned\n|rule|Evasion Abilities Clause: Evasion abilities are banned\n|rule|Sleep Moves Clause: Sleep-inducing moves are banned\n|clearpoke\n|poke|p1|Tornadus-Therian, M|\n|poke|p1|Maushold|\n|poke|p1|Kyurem|\n|poke|p1|Pecharunt|\n|poke|p1|Great Tusk|\n|poke|p1|Iron Boulder|\n|poke|p2|Great Tusk|\n|poke|p2|Gholdengo|\n|poke|p2|Raging Bolt|\n|poke|p2|Iron Valiant|\n|poke|p2|Ogerpon-Wellspring, F|\n|poke|p2|Kingambit, M|\n|teampreview\n|inactive|Battle timer is ON: inactive players will automatically lose when time's up. (requested by kangarooteam1)\n|inactive|ThunderclapnFlash also wants the timer to be on.\n|\n|t:|1788268815\n|teamsize|p1|6\n|teamsize|p2|6\n|start\n|switch|p1a: Great Tusk|Great Tusk|100/100\n|switch|p2a: Gholdengo|Gholdengo|100/100\n|-item|p2a: Gholdengo|Air Balloon\n|turn|1\n|\n|t:|1788268819\n|-end|p1a: Great Tusk|Protosynthesis|[silent]\n|switch|p1a: Tornadus|Tornadus-Therian, M, shiny|100/100\n|move|p2a: Gholdengo|Make It Rain|p1a: Tornadus\n|-damage|p1a: Tornadus|55/100\n|-unboost|p2a: Gholdengo|spa|1\n|\n|upkeep\n|turn|2\n|\n|t:|1788268823\n|move|p1a: Tornadus|Heat Wave|p2a: Gholdengo\n|-supereffective|p2a: Gholdengo\n|-damage|p2a: Gholdengo|42/100\n|-enditem|p2a: Gholdengo|Air Balloon\n|move|p2a: Gholdengo|Nasty Plot|p2a: Gholdengo\n|-boost|p2a: Gholdengo|spa|2\n|\n|upkeep\n|turn|3\n|\n|t:|1788268829\n|move|p1a: Tornadus|Heat Wave|p2a: Gholdengo\n|-supereffective|p2a: Gholdengo\n|-damage|p2a: Gholdengo|0 fnt\n|faint|p2a: Gholdengo\n|\n|upkeep\n|j| liechiteladihul\n|\n|t:|1788268830\n|switch|p2a: Kingambit|Kingambit, M|100/100\n|-activate|p2a: Kingambit|ability: Supreme Overlord\n|-start|p2a: Kingambit|fallen1|[silent]\n|turn|4\n|\n|t:|1788268840\n|switch|p1a: Great Tusk|Great Tusk|100/100\n|move|p2a: Kingambit|Swords Dance|p2a: Kingambit\n|-boost|p2a: Kingambit|atk|2\n|\n|upkeep\n|turn|5\n|\n|t:|1788268847\n|-terastallize|p2a: Kingambit|Ghost\n|move|p1a: Great Tusk|Headlong Rush|p2a: Kingambit\n|-damage|p2a: Kingambit|40/100\n|-unboost|p1a: Great Tusk|def|1\n|-unboost|p1a: Great Tusk|spd|1\n|-damage|p1a: Great Tusk|91/100|[from] item: Life Orb\n|move|p2a: Kingambit|Iron Head|p1a: Great Tusk\n|-damage|p1a: Great Tusk|0 fnt\n|faint|p1a: Great Tusk\n|-end|p1a: Great Tusk|Protosynthesis|[silent]\n|\n|-heal|p2a: Kingambit|46/100|[from] item: Leftovers\n|upkeep\n|\n|t:|1788268870\n|switch|p1a: Pecharunt|Pecharunt|100/100\n|turn|6\n|\n|t:|1788268873\n|-terastallize|p1a: Pecharunt|Fairy\n|move|p2a: Kingambit|Sucker Punch|p1a: Pecharunt\n|-resisted|p1a: Pecharunt\n|-damage|p1a: Pecharunt|79/100\n|-damage|p2a: Kingambit|30/100|[from] item: Rocky Helmet|[of] p1a: Pecharunt\n|move|p1a: Pecharunt|Malignant Chain|p2a: Kingambit\n|-resisted|p2a: Kingambit\n|-damage|p2a: Kingambit|15/100\n|-status|p2a: Kingambit|tox\n|-start|p2a: Kingambit|confusion|[from] ability: Poison Puppeteer|[of] p1a: Pecharunt\n|\n|-heal|p2a: Kingambit|21/100 tox|[from] item: Leftovers\n|-damage|p2a: Kingambit|15/100 tox|[from] psn\n|upkeep\n|turn|7\n|\n|t:|1788268878\n|move|p1a: Pecharunt|Night Shade|p2a: Kingambit\n|-damage|p2a: Kingambit|0 fnt\n|faint|p2a: Kingambit\n|-end|p2a: Kingambit|fallen1|[silent]\n|\n|upkeep\n|\n|t:|1788268880\n|switch|p2a: Raging Bolt|Raging Bolt|100/100\n|turn|8\n|j| Miyabi ningyo\n|\n|t:|1788268893\n|move|p1a: Pecharunt|Parting Shot|p2a: Raging Bolt\n|-unboost|p2a: Raging Bolt|atk|1\n|-unboost|p2a: Raging Bolt|spa|1\n|\n|t:|1788268897\n|switch|p1a: Kyurem|Kyurem, shiny|100/100|[from] Parting Shot\n|-ability|p1a: Kyurem|Pressure\n|move|p2a: Raging Bolt|Calm Mind|p2a: Raging Bolt\n|-boost|p2a: Raging Bolt|spa|1\n|-boost|p2a: Raging Bolt|spd|1\n|\n|upkeep\n|turn|9\n|\n|t:|1788268906\n|move|p1a: Kyurem|Draco Meteor|p2a: Raging Bolt\n|-supereffective|p2a: Raging Bolt\n|-damage|p2a: Raging Bolt|0 fnt\n|-unboost|p1a: Kyurem|spa|2\n|faint|p2a: Raging Bolt\n|-end|p2a: Raging Bolt|Protosynthesis|[silent]\n|\n|upkeep\n|\n|t:|1788268907\n|switch|p2a: Iron Valiant|Iron Valiant|100/100\n|-enditem|p2a: Iron Valiant|Booster Energy\n|-activate|p2a: Iron Valiant|ability: Quark Drive|[fromitem]\n|-start|p2a: Iron Valiant|quarkdrivespe\n|turn|10\n|\n|t:|1788268921\n|switch|p1a: Tornadus|Tornadus-Therian, M, shiny|88/100\n|move|p2a: Iron Valiant|Moonblast|p1a: Tornadus\n|-damage|p1a: Tornadus|56/100\n|\n|upkeep\n|turn|11\n|\n|t:|1788268924\n|move|p2a: Iron Valiant|Thunderbolt|p1a: Tornadus\n|-supereffective|p1a: Tornadus\n|-damage|p1a: Tornadus|19/100\n|move|p1a: Tornadus|Bleakwind Storm|p2a: Iron Valiant\n|-supereffective|p2a: Iron Valiant\n|-damage|p2a: Iron Valiant|0 fnt\n|faint|p2a: Iron Valiant\n|-end|p2a: Iron Valiant|Quark Drive|[silent]\n|\n|upkeep\n|\n|t:|1788268925\n|switch|p2a: Great Tusk|Great Tusk|100/100\n|turn|12\n|\n|t:|1788268936\n|move|p1a: Tornadus|Bleakwind Storm|p2a: Great Tusk\n|-supereffective|p2a: Great Tusk\n|-damage|p2a: Great Tusk|0 fnt\n|faint|p2a: Great Tusk\n|-end|p2a: Great Tusk|Protosynthesis|[silent]\n|\n|upkeep\n|\n|t:|1788268936\n|switch|p2a: Ogerpon|Ogerpon-Wellspring, F|100/100\n|turn|13\n|\n|t:|1788268943\n|move|p1a: Tornadus|Bleakwind Storm|p2a: Ogerpon\n|-supereffective|p2a: Ogerpon\n|-damage|p2a: Ogerpon|15/100\n|move|p2a: Ogerpon|Horn Leech|p1a: Tornadus\n|-resisted|p1a: Tornadus\n|-damage|p1a: Tornadus|0 fnt\n|-heal|p2a: Ogerpon|26/100|[from] drain|[of] p1a: Tornadus\n|faint|p1a: Tornadus\n|\n|upkeep\n|j| Phan009\n|\n|t:|1788268956\n|switch|p1a: Pecharunt|Pecharunt, tera:Fairy|79/100\n|turn|14\n|\n|t:|1788268958\n|move|p2a: Ogerpon|Power Whip|p1a: Pecharunt\n|-damage|p1a: Pecharunt|45/100\n|-damage|p2a: Ogerpon|9/100|[from] item: Rocky Helmet|[of] p1a: Pecharunt\n|move|p1a: Pecharunt|Malignant Chain|p2a: Ogerpon\n|-supereffective|p2a: Ogerpon\n|-damage|p2a: Ogerpon|0 fnt\n|faint|p2a: Ogerpon\n|\n|win|ThunderclapnFlash\n|raw|ThunderclapnFlash's rating: 1563 &rarr; <strong>1586</strong><br />(+23 for winning)\n|raw|kangarooteam1's rating: 1615 &rarr; <strong>1592</strong><br />(-23 for losing)\n", "uploadtime": 1788268959, "views": "0", "formatid": "gen9ou", "rating": 1586, "private": 0, "password": null}