{"id": "gen9ou-2674007996", "format": "[Gen 9] OU", "players": ["Mailiam", "greendude44"], "log": "|j|\u2606Mailiam\n|j|\u2606greendude44\n|t:|1788287581\n|gametype|singles\n|player|p1|Mailiam|az|1454\n|player|p2|greendude44|janitor|1350\n|gen|9\n|tier|[Gen 9] OU\n|rated|\n|rule|HP Percentage Mod: HP is shown in percentages\n|rule|Endless Battle Clause: Forcing endless battles is banned\n|rule|Species Clause: Limit one of each Pok\u00e9mon\n|rule|OHKO Clause: OHKO moves are banned\n|rule|Evasion Items Clause: Evasion items are banned\n|rule|Evasion Moves Clause: Evasion moves are banned\n|rule|Evasion Abilities Clause: Evasion abilities are banned\n|rule|Sleep Moves Clause: Sleep-inducing moves are banned\n|clearpoke\n|poke|p1|Rabsca, M|\n|poke|p1|Landorus-Therian, M|\n|poke|p1|Excadrill, M|\n|poke|p1|Darkrai|\n|poke|p1|Tyranitar, M|\n|poke|p1|Zapdos|\n|poke|p2|Samurott-Hisui, M|\n|poke|p2|Landorus-Therian, M|\n|poke|p2|Slowking-Galar, F|\n|poke|p2|Gholdengo|\n|poke|p2|Great Tusk|\n|poke|p2|Lokix, F|\n|teampreview\n|inactive|Battle timer is ON: inactive players will automatically lose when time's up. (requested by Mailiam)\n|\n|t:|1788287590\n|teamsize|p1|6\n|teamsize|p2|6\n|start\n|switch|p1a: Game Therian|Landorus-Therian, M|100/100\n|switch|p2a: Samurott|Samurott-Hisui, M|100/100\n|-ability|p1a: Game Therian|Intimidate|boost\n|-unboost|p2a: Samurott|atk|1\n|turn|1\n|\n|t:|1788287595\n|move|p1a: Game Therian|U-turn|p2a: Samurott\n|-supereffective|p2a: Samurott\n|-damage|p2a: Samurott|50/100\n|\n|t:|1788287598\n|switch|p1a: The Zapper|Zapdos|100/100|[from] U-turn\n|move|p2a: Samurott|Ceaseless Edge|p1a: The Zapper\n|-crit|p1a: The Zapper\n|-damage|p1a: The Zapper|50/100\n|-sidestart|p1: Mailiam|Spikes\n|\n|upkeep\n|turn|2\n|\n|t:|1788287605\n|switch|p2a: Slowking|Slowking-Galar, F|100/100\n|move|p1a: The Zapper|Roost|p1a: The Zapper\n|-heal|p1a: The Zapper|99/100\n|-singleturn|p1a: The Zapper|move: Roost\n|\n|upkeep\n|turn|3\n|\n|t:|1788287607\n|move|p1a: The Zapper|U-turn|p2a: Slowking\n|-damage|p2a: Slowking|86/100\n|\n|t:|1788287608\n|switch|p1a: Game Therian|Landorus-Therian, M|100/100|[from] U-turn\n|-ability|p1a: Game Therian|Intimidate|boost\n|-unboost|p2a: Slowking|atk|1\n|-prepare|p2a: Slowking|Chilly Reception|[premajor]\n|move|p2a: Slowking|Chilly Reception|p2a: Slowking\n|-weather|Snowscape\n|\n|t:|1788287615\n|switch|p2a: Landorus|Landorus-Therian, M|100/100|[from] Chilly Reception\n|-ability|p2a: Landorus|Intimidate|boost\n|-unboost|p1a: Game Therian|atk|1\n|\n|-weather|Snowscape|[upkeep]\n|upkeep\n|turn|4\n|\n|t:|1788287620\n|move|p1a: Game Therian|Gravity|p1a: Game Therian\n|-fieldstart|move: Gravity\n|move|p2a: Landorus|Stealth Rock|p1a: Game Therian\n|-sidestart|p1: Mailiam|move: Stealth Rock\n|\n|-weather|Snowscape|[upkeep]\n|upkeep\n|turn|5\n|\n|t:|1788287624\n|move|p1a: Game Therian|Sandsear Storm|p2a: Landorus\n|-damage|p2a: Landorus|56/100\n|move|p2a: Landorus|Earth Power|p1a: Game Therian\n|-damage|p1a: Game Therian|64/100\n|\n|-weather|Snowscape|[upkeep]\n|upkeep\n|turn|6\n|\n|t:|1788287637\n|move|p1a: Game Therian|Sandsear Storm|p2a: Landorus\n|-damage|p2a: Landorus|11/100\n|move|p2a: Landorus|U-turn|p1a: Game Therian\n|-resisted|p1a: Game Therian\n|-damage|p1a: Game Therian|53/100\n|-damage|p2a: Landorus|0 fnt|[from] item: Rocky Helmet|[of] p1a: Game Therian\n|faint|p2a: Landorus\n|\n|-weather|Snowscape|[upkeep]\n|upkeep\n|\n|t:|1788287638\n|switch|p2a: Lokix|Lokix, F|100/100\n|turn|7\n|\n|t:|1788287648\n|-terastallize|p2a: Lokix|Bug\n|move|p2a: Lokix|First Impression|p1a: Game Therian\n|-resisted|p1a: Game Therian\n|-damage|p1a: Game Therian|0 fnt\n|-damage|p2a: Lokix|84/100|[from] item: Rocky Helmet|[of] p1a: Game Therian\n|faint|p1a: Game Therian\n|\n|-weather|none\n|upkeep\n|\n|t:|1788287653\n|switch|p1a: The Zapper|Zapdos|99/100\n|turn|8\n|\n|t:|1788287657\n|switch|p2a: Slowking|Slowking-Galar, F|100/100\n|move|p1a: The Zapper|U-turn|p2a: Slowking\n|-damage|p2a: Slowking|87/100\n|\n|t:|1788287659\n|switch|p1a: Stormserver|Tyranitar, M|100/100|[from] U-turn\n|-damage|p1a: Stormserver|88/100|[from] Spikes\n|-damage|p1a: Stormserver|76/100|[from] Stealth Rock\n|-weather|Sandstorm|[from] ability: Sand Stream|[of] p1a: Stormserver\n|\n|-weather|Sandstorm|[upkeep]\n|-damage|p2a: Slowking|81/100|[from] Sandstorm\n|-fieldend|move: Gravity\n|upkeep\n|turn|9\n|\n|t:|1788287665\n|switch|p2a: Great Tusk|Great Tusk|100/100\n|-enditem|p2a: Great Tusk|Booster Energy\n|-activate|p2a: Great Tusk|ability: Protosynthesis|[fromitem]\n|-start|p2a: Great Tusk|protosynthesisspe\n|move|p1a: Stormserver|Ice Punch|p2a: Great Tusk\n|-supereffective|p2a: Great Tusk\n|-damage|p2a: Great Tusk|74/100\n|\n|-weather|Sandstorm|[upkeep]\n|upkeep\n|turn|10\n|\n|t:|1788287668\n|switch|p1a: The Zapper|Zapdos|99/100\n|move|p2a: Great Tusk|Bulk Up|p2a: Great Tusk\n|-boost|p2a: Great Tusk|atk|1\n|-boost|p2a: Great Tusk|def|1\n|\n|-weather|Sandstorm|[upkeep]\n|-damage|p1a: The Zapper|93/100|[from] Sandstorm\n|upkeep\n|turn|11\n|\n|t:|1788287671\n|move|p2a: Great Tusk|Ice Spinner|p1a: The Zapper\n|-supereffective|p1a: The Zapper\n|-damage|p1a: The Zapper|41/100\n|move|p1a: The Zapper|Hurricane|p2a: Great Tusk|[miss]\n|-miss|p1a: The Zapper|p2a: Great Tusk\n|\n|-weather|Sandstorm|[upkeep]\n|-damage|p1a: The Zapper|35/100|[from] Sandstorm\n|upkeep\n|turn|12\n|\n|t:|1788287676\n|move|p2a: Great Tusk|Ice Spinner|p1a: The Zapper\n|-supereffective|p1a: The Zapper\n|-damage|p1a: The Zapper|0 fnt\n|faint|p1a: The Zapper\n|\n|-weather|Sandstorm|[upkeep]\n|upkeep\n|\n|t:|1788287680\n|switch|p1a: Bill Clinton|Rabsca, M, shiny|100/100\n|-damage|p1a: Bill Clinton|88/100|[from] Spikes\n|-damage|p1a: Bill Clinton|63/100|[from] Stealth Rock\n|turn|13\n|\n|t:|1788287686\n|-end|p2a: Great Tusk|Protosynthesis|[silent]\n|switch|p2a: Samurott|Samurott-Hisui, M|50/100\n|move|p1a: Bill Clinton|Recover|p1a: Bill Clinton\n|-heal|p1a: Bill Clinton|100/100\n|\n|-weather|Sandstorm|[upkeep]\n|-damage|p2a: Samurott|44/100|[from] Sandstorm\n|-damage|p1a: Bill Clinton|94/100|[from] Sandstorm\n|upkeep\n|turn|14\n|\n|t:|1788287700\n|move|p2a: Samurott|Ceaseless Edge|p1a: Bill Clinton|[miss]\n|-miss|p2a: Samurott|p1a: Bill Clinton\n|move|p1a: Bill Clinton|Revival Blessing|p1a: Bill Clinton\n|-enditem|p1a: Bill Clinton|Leppa Berry|[eat]\n|-activate|p1a: Bill Clinton|item: Leppa Berry|Revival Blessing|[consumed]\n|\n|t:|1788287702\n|-heal|p1: Game Therian|50/100|[from] move: Revival Blessing\n|\n|-weather|Sandstorm|[upkeep]\n|-damage|p2a: Samurott|38/100|[from] Sandstorm\n|-damage|p1a: Bill Clinton|88/100|[from] Sandstorm\n|upkeep\n|turn|15\n|\n|t:|1788287719\n|move|p2a: Samurott|Ceaseless Edge|p1a: Bill Clinton\n|-supereffective|p1a: Bill Clinton\n|-crit|p1a: Bill Clinton\n|-damage|p1a: Bill Clinton|0 fnt\n|-sidestart|p1: Mailiam|Spikes\n|faint|p1a: Bill Clinton\n|\n|-weather|none\n|upkeep\n|\n|t:|1788287724\n|switch|p1a: Game Therian|Landorus-Therian, M|50/100\n|-damage|p1a: Game Therian|38/100|[from] Stealth Rock\n|-ability|p1a: Game Therian|Intimidate|boost\n|-unboost|p2a: Samurott|atk|1\n|turn|16\n|\n|t:|1788287733\n|move|p2a: Samurott|Aqua Jet|p1a: Game Therian\n|-supereffective|p1a: Game Therian\n|-damage|p1a: Game Therian|14/100\n|-damage|p2a: Samurott|21/100|[from] item: Rocky Helmet|[of] p1a: Game Therian\n|move|p1a: Game Therian|Sandsear Storm|p2a: Samurott\n|-damage|p2a: Samurott|0 fnt\n|faint|p2a: Samurott\n|\n|upkeep\n|\n|t:|1788287741\n|switch|p2a: Lokix|Lokix, F, tera:Bug|84/100\n|turn|17\n|\n|t:|1788287744\n|move|p2a: Lokix|First Impression|p1a: Game Therian\n|-resisted|p1a: Game Therian\n|-damage|p1a: Game Therian|0 fnt\n|-damage|p2a: Lokix|67/100|[from] item: Rocky Helmet|[of] p1a: Game Therian\n|faint|p1a: Game Therian\n|\n|upkeep\n|\n|t:|1788287758\n|switch|p1a: Buried Bodies|Darkrai|100/100\n|-damage|p1a: Buried Bodies|84/100|[from] Spikes\n|-damage|p1a: Buried Bodies|72/100|[from] Stealth Rock\n|turn|18\n|\n|t:|1788287767\n|switch|p2a: Gholdengo|Gholdengo|100/100\n|move|p1a: Buried Bodies|Dark Pulse|p2a: Gholdengo\n|-supereffective|p2a: Gholdengo\n|-damage|p2a: Gholdengo|0 fnt\n|faint|p2a: Gholdengo\n|\n|upkeep\n|\n|t:|1788287769\n|switch|p2a: Lokix|Lokix, F, tera:Bug|67/100\n|turn|19\n|\n|t:|1788287772\n|switch|p1a: Stormserver|Tyranitar, M|76/100\n|-damage|p1a: Stormserver|59/100|[from] Spikes\n|-damage|p1a: Stormserver|47/100|[from] Stealth Rock\n|-weather|Sandstorm|[from] ability: Sand Stream|[of] p1a: Stormserver\n|move|p2a: Lokix|U-turn|p1a: Stormserver\n|-supereffective|p1a: Stormserver\n|-damage|p1a: Stormserver|0 fnt\n|faint|p1a: Stormserver\n|\n|t:|1788287785\n|switch|p2a: Great Tusk|Great Tusk|74/100|[from] U-turn\n|\n|-weather|Sandstorm|[upkeep]\n|upkeep\n|\n|t:|1788287796\n|switch|p1a: Buried Bodies|Darkrai|72/100\n|-damage|p1a: Buried Bodies|55/100|[from] Spikes\n|-damage|p1a: Buried Bodies|43/100|[from] Stealth Rock\n|turn|20\n|\n|t:|1788287799\n|-end|p2a: Great Tusk|Protosynthesis|[silent]\n|switch|p2a: Slowking|Slowking-Galar, F|100/100\n|move|p1a: Buried Bodies|Dark Pulse|p2a: Slowking\n|-supereffective|p2a: Slowking\n|-damage|p2a: Slowking|42/100\n|\n|-weather|Sandstorm|[upkeep]\n|-damage|p1a: Buried Bodies|37/100|[from] Sandstorm\n|-damage|p2a: Slowking|36/100|[from] Sandstorm\n|upkeep\n|turn|21\n|\n|t:|1788287801\n|move|p1a: Buried Bodies|Dark Pulse|p2a: Slowking\n|-supereffective|p2a: Slowking\n|-damage|p2a: Slowking|0 fnt\n|faint|p2a: Slowking\n|\n|-weather|Sandstorm|[upkeep]\n|-damage|p1a: Buried Bodies|31/100|[from] Sandstorm\n|upkeep\n|\n|t:|1788287803\n|switch|p2a: Lokix|Lokix, F, tera:Bug|67/100\n|turn|22\n|\n|t:|1788287808\n|move|p2a: Lokix|First Impression|p1a: Buried Bodies\n|-supereffective|p1a: Buried Bodies\n|-damage|p1a: Buried Bodies|0 fnt\n|faint|p1a: Buried Bodies\n|\n|-weather|Sandstorm|[upkeep]\n|-damage|p2a: Lokix|61/100|[from] Sandstorm\n|upkeep\n|\n|t:|1788287809\n|switch|p1a: Second Stint|Excadrill, M|100/100\n|-damage|p1a: Second Stint|84/100|[from] Spikes\n|-damage|p1a: Second Stint|81/100|[from] Stealth Rock\n|turn|23\n|\n|t:|1788287816\n|switch|p2a: Great Tusk|Great Tusk|74/100\n|move|p1a: Second Stint|Earthquake|p2a: Great Tusk\n|-damage|p2a: Great Tusk|34/100\n|\n|-weather|Sandstorm|[upkeep]\n|upkeep\n|turn|24\n|\n|t:|1788287820\n|move|p1a: Second Stint|Earthquake|p2a: Great Tusk\n|-damage|p2a: Great Tusk|0 fnt\n|faint|p2a: Great Tusk\n|-end|p2a: Great Tusk|Protosynthesis|[silent]\n|\n|-weather|Sandstorm|[upkeep]\n|upkeep\n|\n|t:|1788287824\n|switch|p2a: Lokix|Lokix, F, tera:Bug|61/100\n|turn|25\n|\n|t:|1788287827\n|move|p2a: Lokix|First Impression|p1a: Second Stint\n|-resisted|p1a: Second Stint\n|-damage|p1a: Second Stint|0 fnt\n|faint|p1a: Second Stint\n|\n|win|greendude44\n|raw|Mailiam's rating: 1454 &rarr; <strong>1428</strong><br />(-26 for losing)\n|raw|greendude44's rating: 1350 &rarr; <strong>1376</strong><br />(+26 for winning)\n|c|\u2606greendude44|gg\n|l|\u2606greendude44\n|player|p2|\n|l|\u2606Mailiam\n|player|p1|\n", "uploadtime": 1788288060, "views": "0", "formatid": "gen9ou", "rating": 1376, "private": 0, "password": null}