{"id": "gen9ou-2673880287", "format": "[Gen 9] OU", "players": ["abraham_305", "kangarooteam1"], "log": "|j|\u2606abraham_305\n|j|\u2606kangarooteam1\n|t:|1788272356\n|gametype|singles\n|player|p1|abraham_305|alder|1551\n|player|p2|kangarooteam1|1|1672\n|gen|9\n|tier|[Gen 9] OU\n|rated|\n|rule|HP Percentage Mod: HP is shown in percentages\n|rule|Endless Battle Clause: Forcing endless battles is banned\n|rule|Species Clause: Limit one of each Pok\u00e9mon\n|rule|OHKO Clause: OHKO moves are banned\n|rule|Evasion Items Clause: Evasion items are banned\n|rule|Evasion Moves Clause: Evasion moves are banned\n|rule|Evasion Abilities Clause: Evasion abilities are banned\n|rule|Sleep Moves Clause: Sleep-inducing moves are banned\n|clearpoke\n|poke|p1|Ninetales-Alola, M|\n|poke|p1|Grimmsnarl, M|\n|poke|p1|Glimmora, M|\n|poke|p1|Zapdos|\n|poke|p1|Dondozo, M|\n|poke|p1|Primarina, M|\n|poke|p2|Great Tusk|\n|poke|p2|Gholdengo|\n|poke|p2|Raging Bolt|\n|poke|p2|Iron Valiant|\n|poke|p2|Ogerpon-Wellspring, F|\n|poke|p2|Kingambit, F|\n|teampreview\n|inactive|Battle timer is ON: inactive players will automatically lose when time's up. (requested by kangarooteam1)\n|\n|t:|1788272379\n|teamsize|p1|6\n|teamsize|p2|6\n|start\n|switch|p1a: Primarina|Primarina, M|100/100\n|switch|p2a: Kingambit|Kingambit, F|100/100\n|turn|1\n|\n|t:|1788272389\n|move|p1a: Primarina|Moonblast|p2a: Kingambit\n|-damage|p2a: Kingambit|17/100\n|-unboost|p2a: Kingambit|spa|1\n|move|p2a: Kingambit|Iron Head|p1a: Primarina\n|-damage|p1a: Primarina|39/100\n|\n|-heal|p2a: Kingambit|23/100|[from] item: Leftovers\n|upkeep\n|turn|2\n|\n|t:|1788272394\n|move|p2a: Kingambit|Sucker Punch|p1a: Primarina\n|-resisted|p1a: Primarina\n|-damage|p1a: Primarina|15/100\n|move|p1a: Primarina|Moonblast|p2a: Kingambit\n|-damage|p2a: Kingambit|0 fnt\n|faint|p2a: Kingambit\n|-end|p2a: Kingambit|fallenundefined|[silent]\n|\n|upkeep\n|\n|t:|1788272395\n|switch|p2a: Gholdengo|Gholdengo|100/100\n|-item|p2a: Gholdengo|Air Balloon\n|turn|3\n|\n|t:|1788272410\n|switch|p1a: Zapdos|Zapdos|100/100\n|move|p2a: Gholdengo|Shadow Ball|p1a: Zapdos\n|-damage|p1a: Zapdos|49/100\n|-unboost|p1a: Zapdos|spd|1\n|\n|upkeep\n|turn|4\n|\n|t:|1788272416\n|move|p1a: Zapdos|Heat Wave|p2a: Gholdengo\n|-supereffective|p2a: Gholdengo\n|-damage|p2a: Gholdengo|0 fnt\n|-enditem|p2a: Gholdengo|Air Balloon\n|faint|p2a: Gholdengo\n|\n|upkeep\n|\n|t:|1788272417\n|switch|p2a: Ogerpon|Ogerpon-Wellspring, F|100/100\n|turn|5\n|\n|t:|1788272424\n|switch|p1a: Dondozo|Dondozo, M, shiny|100/100\n|move|p2a: Ogerpon|Ivy Cudgel|p1a: Dondozo|[anim] Ivy Cudgel Water\n|-resisted|p1a: Dondozo\n|-damage|p1a: Dondozo|82/100\n|\n|-heal|p1a: Dondozo|88/100|[from] item: Leftovers\n|upkeep\n|turn|6\n|\n|t:|1788272437\n|switch|p1a: Zapdos|Zapdos|49/100\n|move|p2a: Ogerpon|Power Whip|p1a: Zapdos|[miss]\n|-miss|p2a: Ogerpon|p1a: Zapdos\n|\n|upkeep\n|turn|7\n|\n|t:|1788272447\n|switch|p1a: Primarina|Primarina, M|15/100\n|move|p2a: Ogerpon|Ivy Cudgel|p1a: Primarina|[anim] Ivy Cudgel Water\n|-resisted|p1a: Primarina\n|-damage|p1a: Primarina|0 fnt\n|faint|p1a: Primarina\n|\n|upkeep\n|\n|t:|1788272454\n|switch|p1a: Glimmora|Glimmora, M|100/100\n|turn|8\n|\n|t:|1788272455\n|-terastallize|p2a: Ogerpon|Water\n|detailschange|p2a: Ogerpon|Ogerpon-Wellspring-Tera, F, tera:Water\n|-ability|p2a: Ogerpon|Embody Aspect (Wellspring)|boost\n|-boost|p2a: Ogerpon|spd|1\n|move|p2a: Ogerpon|Ivy Cudgel|p1a: Glimmora|[anim] Ivy Cudgel Water\n|-supereffective|p1a: Glimmora\n|-enditem|p1a: Glimmora|Focus Sash\n|-damage|p1a: Glimmora|1/100\n|move|p1a: Glimmora|Sludge Bomb|p2a: Ogerpon\n|-damage|p2a: Ogerpon|66/100\n|-status|p2a: Ogerpon|psn\n|\n|-damage|p2a: Ogerpon|53/100 psn|[from] psn\n|upkeep\n|turn|9\n|\n|t:|1788272476\n|move|p2a: Ogerpon|Ivy Cudgel|p1a: Glimmora|[anim] Ivy Cudgel Water\n|-supereffective|p1a: Glimmora\n|-damage|p1a: Glimmora|0 fnt\n|faint|p1a: Glimmora\n|\n|-damage|p2a: Ogerpon|41/100 psn|[from] psn\n|upkeep\n|\n|t:|1788272485\n|switch|p1a: Grimmsnarl|Grimmsnarl, M|100/100\n|turn|10\n|\n|t:|1788272487\n|move|p1a: Grimmsnarl|Sucker Punch|p2a: Ogerpon\n|-damage|p2a: Ogerpon|0 fnt\n|faint|p2a: Ogerpon\n|detailschange|p2: Ogerpon|Ogerpon-Wellspring, F|[silent]\n|\n|upkeep\n|\n|t:|1788272488\n|switch|p2a: Raging Bolt|Raging Bolt|100/100\n|turn|11\n|\n|t:|1788272498\n|switch|p1a: Ninetales|Ninetales-Alola, M, shiny|100/100\n|-weather|Snowscape|[from] ability: Snow Warning|[of] p1a: Ninetales\n|move|p2a: Raging Bolt|Thunderbolt|p1a: Ninetales\n|-crit|p1a: Ninetales\n|-damage|p1a: Ninetales|11/100\n|\n|-weather|Snowscape|[upkeep]\n|upkeep\n|turn|12\n|\n|t:|1788272502\n|move|p1a: Ninetales|Aurora Veil|p1a: Ninetales\n|-sidestart|p1: abraham_305|move: Aurora Veil\n|move|p2a: Raging Bolt|Calm Mind|p2a: Raging Bolt\n|-boost|p2a: Raging Bolt|spa|1\n|-boost|p2a: Raging Bolt|spd|1\n|\n|-weather|Snowscape|[upkeep]\n|upkeep\n|turn|13\n|\n|t:|1788272504\n|move|p1a: Ninetales|Encore|p2a: Raging Bolt\n|-start|p2a: Raging Bolt|Encore\n|move|p2a: Raging Bolt|Calm Mind|p2a: Raging Bolt\n|-boost|p2a: Raging Bolt|spa|1\n|-boost|p2a: Raging Bolt|spd|1\n|\n|-weather|Snowscape|[upkeep]\n|upkeep\n|turn|14\n|\n|t:|1788272507\n|switch|p1a: Grimmsnarl|Grimmsnarl, M|100/100\n|move|p2a: Raging Bolt|Calm Mind|p2a: Raging Bolt\n|-boost|p2a: Raging Bolt|spa|1\n|-boost|p2a: Raging Bolt|spd|1\n|\n|-weather|Snowscape|[upkeep]\n|upkeep\n|turn|15\n|\n|t:|1788272510\n|-end|p2a: Raging Bolt|Protosynthesis|[silent]\n|switch|p2a: Great Tusk|Great Tusk|100/100\n|move|p1a: Grimmsnarl|Play Rough|p2a: Great Tusk\n|-supereffective|p2a: Great Tusk\n|-damage|p2a: Great Tusk|27/100\n|\n|-weather|none\n|-heal|p2a: Great Tusk|33/100|[from] item: Leftovers\n|upkeep\n|turn|16\n|\n|t:|1788272521\n|switch|p1a: Ninetales|Ninetales-Alola, M, shiny|11/100\n|-weather|Snowscape|[from] ability: Snow Warning|[of] p1a: Ninetales\n|move|p2a: Great Tusk|Earthquake|p1a: Ninetales\n|-damage|p1a: Ninetales|0 fnt\n|faint|p1a: Ninetales\n|\n|-weather|Snowscape|[upkeep]\n|-heal|p2a: Great Tusk|39/100|[from] item: Leftovers\n|upkeep\n|\n|t:|1788272530\n|switch|p1a: Dondozo|Dondozo, M, shiny|88/100\n|turn|17\n|\n|t:|1788272533\n|move|p2a: Great Tusk|Earthquake|p1a: Dondozo\n|-damage|p1a: Dondozo|76/100\n|move|p1a: Dondozo|Curse|p1a: Dondozo\n|-unboost|p1a: Dondozo|spe|1\n|-boost|p1a: Dondozo|atk|1\n|-boost|p1a: Dondozo|def|1\n|\n|-weather|Snowscape|[upkeep]\n|-heal|p2a: Great Tusk|45/100|[from] item: Leftovers\n|-heal|p1a: Dondozo|82/100|[from] item: Leftovers\n|upkeep\n|turn|18\n|\n|t:|1788272535\n|move|p2a: Great Tusk|Stealth Rock|p1a: Dondozo\n|-sidestart|p1: abraham_305|move: Stealth Rock\n|move|p1a: Dondozo|Curse|p1a: Dondozo\n|-unboost|p1a: Dondozo|spe|1\n|-boost|p1a: Dondozo|atk|1\n|-boost|p1a: Dondozo|def|1\n|\n|-weather|Snowscape|[upkeep]\n|-heal|p2a: Great Tusk|52/100|[from] item: Leftovers\n|-heal|p1a: Dondozo|88/100|[from] item: Leftovers\n|upkeep\n|turn|19\n|\n|t:|1788272537\n|-end|p2a: Great Tusk|Protosynthesis|[silent]\n|switch|p2a: Raging Bolt|Raging Bolt|100/100\n|move|p1a: Dondozo|Curse|p1a: Dondozo\n|-unboost|p1a: Dondozo|spe|1\n|-boost|p1a: Dondozo|atk|1\n|-boost|p1a: Dondozo|def|1\n|\n|-weather|Snowscape|[upkeep]\n|-heal|p1a: Dondozo|95/100|[from] item: Leftovers\n|-sideend|p1: abraham_305|move: Aurora Veil\n|upkeep\n|turn|20\n|\n|t:|1788272549\n|-terastallize|p1a: Dondozo|Dragon\n|move|p2a: Raging Bolt|Thunderbolt|p1a: Dondozo\n|-resisted|p1a: Dondozo\n|-damage|p1a: Dondozo|69/100\n|move|p1a: Dondozo|Earthquake|p2a: Raging Bolt\n|-supereffective|p2a: Raging Bolt\n|-damage|p2a: Raging Bolt|0 fnt\n|faint|p2a: Raging Bolt\n|-end|p2a: Raging Bolt|Protosynthesis|[silent]\n|\n|-weather|none\n|-heal|p1a: Dondozo|75/100|[from] item: Leftovers\n|upkeep\n|\n|t:|1788272550\n|switch|p2a: Iron Valiant|Iron Valiant|100/100\n|-enditem|p2a: Iron Valiant|Booster Energy\n|-activate|p2a: Iron Valiant|ability: Quark Drive|[fromitem]\n|-start|p2a: Iron Valiant|quarkdrivespe\n|turn|21\n|\n|t:|1788272563\n|move|p2a: Iron Valiant|Moonblast|p1a: Dondozo\n|-supereffective|p1a: Dondozo\n|-damage|p1a: Dondozo|0 fnt\n|faint|p1a: Dondozo\n|\n|upkeep\n|inactive|abraham_305 has 120 seconds left.\n|j| Slashutu\n|inactive|abraham_305 has 90 seconds left.\n|inactive|abraham_305 has 60 seconds left.\n|l| Slashutu\n|inactive|abraham_305 has 30 seconds left.\n|inactive|abraham_305 has 20 seconds left.\n|inactive|abraham_305 has 15 seconds left.\n|inactive|abraham_305 has 10 seconds left.\n|inactive|abraham_305 has 5 seconds left.\n|-message|abraham_305 lost due to inactivity.\n|\n|win|kangarooteam1\n|raw|abraham_305's rating: 1551 &rarr; <strong>1538</strong><br />(-13 for losing)\n|raw|kangarooteam1's rating: 1672 &rarr; <strong>1685</strong><br />(+13 for winning)\n|l|\u2606kangarooteam1\n|player|p2|\n", "uploadtime": 1788272710, "views": "1", "formatid": "gen9ou", "rating": 1538, "private": 0, "password": null}