{"id": "gen9ou-2674048439", "format": "[Gen 9] OU", "players": ["kangarooteam1", "arturohdez"], "log": "|j|\u2606kangarooteam1\n|j|\u2606arturohdez\n|t:|1788292402\n|gametype|singles\n|player|p1|kangarooteam1|1|1705\n|player|p2|arturohdez|lucas|1704\n|gen|9\n|tier|[Gen 9] OU\n|rated|\n|rule|HP Percentage Mod: HP is shown in percentages\n|rule|Endless Battle Clause: Forcing endless battles is banned\n|rule|Species Clause: Limit one of each Pok\u00e9mon\n|rule|OHKO Clause: OHKO moves are banned\n|rule|Evasion Items Clause: Evasion items are banned\n|rule|Evasion Moves Clause: Evasion moves are banned\n|rule|Evasion Abilities Clause: Evasion abilities are banned\n|rule|Sleep Moves Clause: Sleep-inducing moves are banned\n|clearpoke\n|poke|p1|Great Tusk|\n|poke|p1|Gholdengo|\n|poke|p1|Raging Bolt|\n|poke|p1|Iron Valiant|\n|poke|p1|Ogerpon-Wellspring, F|\n|poke|p1|Kingambit, M|\n|poke|p2|Deoxys-Speed|\n|poke|p2|Samurott-Hisui, M|\n|poke|p2|Kingambit, M|\n|poke|p2|Ceruledge, M|\n|poke|p2|Iron Valiant|\n|poke|p2|Zamazenta-*|\n|teampreview\n|inactive|Battle timer is ON: inactive players will automatically lose when time's up. (requested by kangarooteam1)\n|\n|t:|1788292406\n|teamsize|p1|6\n|teamsize|p2|6\n|start\n|switch|p1a: Raging Bolt|Raging Bolt|100/100\n|switch|p2a: Deoxys|Deoxys-Speed|100/100\n|-ability|p2a: Deoxys|Pressure\n|turn|1\n|j| brooomdooom\n|\n|t:|1788292408\n|move|p2a: Deoxys|Light Screen|p2a: Deoxys\n|-sidestart|p2: arturohdez|move: Light Screen\n|move|p1a: Raging Bolt|Thunderbolt|p2a: Deoxys\n|-damage|p2a: Deoxys|65/100\n|\n|upkeep\n|turn|2\n|\n|t:|1788292411\n|move|p2a: Deoxys|Taunt|p1a: Raging Bolt\n|-start|p1a: Raging Bolt|move: Taunt\n|cant|p1a: Raging Bolt|move: Taunt|Calm Mind\n|\n|upkeep\n|turn|3\n|\n|t:|1788292416\n|switch|p2a: Ceruledge|Ceruledge, M|100/100\n|move|p1a: Raging Bolt|Thunderbolt|p2a: Ceruledge\n|-damage|p2a: Ceruledge|75/100\n|\n|upkeep\n|turn|4\n|\n|t:|1788292421\n|move|p2a: Ceruledge|Swords Dance|p2a: Ceruledge\n|-boost|p2a: Ceruledge|atk|2\n|move|p1a: Raging Bolt|Thunderbolt|p2a: Ceruledge\n|-damage|p2a: Ceruledge|50/100\n|\n|-end|p1a: Raging Bolt|move: Taunt\n|upkeep\n|turn|5\n|\n|t:|1788292425\n|move|p2a: Ceruledge|Poltergeist|p1a: Raging Bolt\n|-activate|p1a: Raging Bolt|move: Poltergeist|Leftovers\n|-damage|p1a: Raging Bolt|0 fnt\n|faint|p1a: Raging Bolt\n|-end|p1a: Raging Bolt|Protosynthesis|[silent]\n|\n|upkeep\n|\n|t:|1788292426\n|switch|p1a: Ogerpon|Ogerpon-Wellspring, F|100/100\n|turn|6\n|\n|t:|1788292436\n|switch|p2a: Zamazenta|Zamazenta|100/100\n|-ability|p2a: Zamazenta|Dauntless Shield|boost\n|-boost|p2a: Zamazenta|def|1\n|move|p1a: Ogerpon|Ivy Cudgel|p2a: Zamazenta|[anim] Ivy Cudgel Water\n|-damage|p2a: Zamazenta|70/100\n|\n|-heal|p2a: Zamazenta|76/100|[from] item: Leftovers\n|upkeep\n|turn|7\n|\n|t:|1788292444\n|switch|p1a: Great Tusk|Great Tusk|100/100\n|move|p2a: Zamazenta|Roar|p1a: Great Tusk\n|-end|p1a: Great Tusk|Protosynthesis|[silent]\n|drag|p1a: Ogerpon|Ogerpon-Wellspring, F|100/100\n|\n|-heal|p2a: Zamazenta|82/100|[from] item: Leftovers\n|upkeep\n|turn|8\n|\n|t:|1788292448\n|switch|p1a: Gholdengo|Gholdengo|100/100\n|-item|p1a: Gholdengo|Air Balloon\n|move|p2a: Zamazenta|Body Press|p1a: Gholdengo\n|-immune|p1a: Gholdengo\n|\n|-heal|p2a: Zamazenta|88/100|[from] item: Leftovers\n|-sideend|p2: arturohdez|move: Light Screen\n|upkeep\n|turn|9\n|\n|t:|1788292451\n|move|p2a: Zamazenta|Crunch|p1a: Gholdengo\n|-supereffective|p1a: Gholdengo\n|-damage|p1a: Gholdengo|49/100\n|-enditem|p1a: Gholdengo|Air Balloon\n|move|p1a: Gholdengo|Nasty Plot|p1a: Gholdengo\n|-boost|p1a: Gholdengo|spa|2\n|\n|-heal|p2a: Zamazenta|94/100|[from] item: Leftovers\n|upkeep\n|turn|10\n|\n|t:|1788292460\n|-terastallize|p1a: Gholdengo|Fairy\n|move|p2a: Zamazenta|Crunch|p1a: Gholdengo\n|-resisted|p1a: Gholdengo\n|-damage|p1a: Gholdengo|36/100\n|move|p1a: Gholdengo|Make It Rain|p2a: Zamazenta\n|-damage|p2a: Zamazenta|0 fnt\n|-unboost|p1a: Gholdengo|spa|1\n|faint|p2a: Zamazenta\n|\n|upkeep\n|j| gaze of timaeus\n|j| brockssocks3\n|inactive|arturohdez has 120 seconds left.\n|\n|t:|1788292500\n|switch|p2a: Ceruledge|Ceruledge, M|50/100\n|turn|11\n|\n|t:|1788292503\n|move|p2a: Ceruledge|Shadow Sneak|p1a: Gholdengo\n|-damage|p1a: Gholdengo|5/100\n|move|p1a: Gholdengo|Shadow Ball|p2a: Ceruledge\n|-supereffective|p2a: Ceruledge\n|-damage|p2a: Ceruledge|0 fnt\n|faint|p2a: Ceruledge\n|\n|upkeep\n|inactive|arturohdez has 120 seconds left.\n|\n|t:|1788292513\n|switch|p2a: Iron Valiant|Iron Valiant|100/100\n|-enditem|p2a: Iron Valiant|Booster Energy\n|-activate|p2a: Iron Valiant|ability: Quark Drive|[fromitem]\n|-start|p2a: Iron Valiant|quarkdrivespe\n|turn|12\n|\n|t:|1788292515\n|move|p2a: Iron Valiant|Moonblast|p1a: Gholdengo\n|-damage|p1a: Gholdengo|0 fnt\n|faint|p1a: Gholdengo\n|\n|upkeep\n|\n|t:|1788292517\n|switch|p1a: Ogerpon|Ogerpon-Wellspring, F|100/100\n|turn|13\n|l| gaze of timaeus\n|\n|t:|1788292535\n|-end|p2a: Iron Valiant|Quark Drive|[silent]\n|switch|p2a: Samurott|Samurott-Hisui, M|100/100\n|move|p1a: Ogerpon|Horn Leech|p2a: Samurott\n|-supereffective|p2a: Samurott\n|-damage|p2a: Samurott|0 fnt\n|faint|p2a: Samurott\n|\n|upkeep\n|\n|t:|1788292541\n|switch|p2a: Deoxys|Deoxys-Speed|65/100\n|-ability|p2a: Deoxys|Pressure\n|turn|14\n|\n|t:|1788292543\n|move|p2a: Deoxys|Reflect|p2a: Deoxys\n|-sidestart|p2: arturohdez|Reflect\n|move|p1a: Ogerpon|U-turn|p2a: Deoxys\n|-supereffective|p2a: Deoxys\n|-crit|p2a: Deoxys\n|-damage|p2a: Deoxys|0 fnt\n|faint|p2a: Deoxys\n|\n|t:|1788292545\n|switch|p1a: Iron Valiant|Iron Valiant|100/100|[from] U-turn\n|-enditem|p1a: Iron Valiant|Booster Energy\n|-activate|p1a: Iron Valiant|ability: Quark Drive|[fromitem]\n|-start|p1a: Iron Valiant|quarkdrivespe\n|\n|upkeep\n|\n|t:|1788292547\n|switch|p2a: Kingambit|Kingambit, M|100/100\n|-activate|p2a: Kingambit|ability: Supreme Overlord\n|-start|p2a: Kingambit|fallen4|[silent]\n|-item|p2a: Kingambit|Air Balloon\n|turn|15\n|\n|t:|1788292549\n|move|p1a: Iron Valiant|Moonblast|p2a: Kingambit\n|-damage|p2a: Kingambit|49/100\n|-enditem|p2a: Kingambit|Air Balloon\n|move|p2a: Kingambit|Iron Head|p1a: Iron Valiant\n|-supereffective|p1a: Iron Valiant\n|-damage|p1a: Iron Valiant|0 fnt\n|faint|p1a: Iron Valiant\n|-end|p1a: Iron Valiant|Quark Drive|[silent]\n|\n|upkeep\n|\n|t:|1788292552\n|switch|p1a: Great Tusk|Great Tusk|100/100\n|turn|16\n|\n|t:|1788292555\n|-end|p2a: Kingambit|fallen4|[silent]\n|switch|p2a: Iron Valiant|Iron Valiant|100/100\n|move|p1a: Great Tusk|Earthquake|p2a: Iron Valiant\n|-damage|p2a: Iron Valiant|71/100\n|\n|upkeep\n|turn|17\n|\n|t:|1788292560\n|-end|p1a: Great Tusk|Protosynthesis|[silent]\n|switch|p1a: Kingambit|Kingambit, M|100/100\n|-activate|p1a: Kingambit|ability: Supreme Overlord\n|-start|p1a: Kingambit|fallen3|[silent]\n|move|p2a: Iron Valiant|Moonblast|p1a: Kingambit\n|-damage|p1a: Kingambit|59/100\n|\n|-heal|p1a: Kingambit|65/100|[from] item: Leftovers\n|upkeep\n|turn|18\n|j| GgManUnited\n|\n|t:|1788292563\n|move|p2a: Iron Valiant|Close Combat|p1a: Kingambit\n|-supereffective|p1a: Kingambit\n|-damage|p1a: Kingambit|0 fnt\n|-unboost|p2a: Iron Valiant|def|1\n|-unboost|p2a: Iron Valiant|spd|1\n|faint|p1a: Kingambit\n|-end|p1a: Kingambit|fallen3|[silent]\n|\n|upkeep\n|\n|t:|1788292566\n|switch|p1a: Ogerpon|Ogerpon-Wellspring, F|100/100\n|turn|19\n|j| u762\n|\n|t:|1788292571\n|-end|p2a: Iron Valiant|Quark Drive|[silent]\n|switch|p2a: Kingambit|Kingambit, M|49/100\n|-activate|p2a: Kingambit|ability: Supreme Overlord\n|-start|p2a: Kingambit|fallen4|[silent]\n|move|p1a: Ogerpon|Power Whip|p2a: Kingambit\n|-resisted|p2a: Kingambit\n|-damage|p2a: Kingambit|35/100\n|\n|upkeep\n|turn|20\n|l| u762\n|\n|t:|1788292582\n|switch|p1a: Great Tusk|Great Tusk|100/100\n|move|p2a: Kingambit|Low Kick|p1a: Great Tusk\n|-damage|p1a: Great Tusk|65/100\n|\n|-heal|p1a: Great Tusk|71/100|[from] item: Leftovers\n|upkeep\n|turn|21\n|\n|t:|1788292585\n|-end|p1a: Great Tusk|Protosynthesis|[silent]\n|switch|p1a: Ogerpon|Ogerpon-Wellspring, F|100/100\n|-end|p2a: Kingambit|fallen4|[silent]\n|switch|p2a: Iron Valiant|Iron Valiant|71/100\n|\n|-sideend|p2: arturohdez|Reflect\n|upkeep\n|turn|22\n|\n|t:|1788292613\n|move|p2a: Iron Valiant|Moonblast|p1a: Ogerpon\n|-crit|p1a: Ogerpon\n|-damage|p1a: Ogerpon|27/100\n|move|p1a: Ogerpon|Ivy Cudgel|p2a: Iron Valiant|[anim] Ivy Cudgel Water\n|-damage|p2a: Iron Valiant|0 fnt\n|faint|p2a: Iron Valiant\n|-end|p2a: Iron Valiant|Quark Drive|[silent]\n|\n|upkeep\n|\n|t:|1788292619\n|switch|p2a: Kingambit|Kingambit, M|35/100\n|-activate|p2a: Kingambit|ability: Supreme Overlord\n|-start|p2a: Kingambit|fallen5|[silent]\n|turn|23\n|\n|t:|1788292622\n|move|p1a: Ogerpon|Ivy Cudgel|p2a: Kingambit|[anim] Ivy Cudgel Water\n|-damage|p2a: Kingambit|0 fnt\n|faint|p2a: Kingambit\n|-end|p2a: Kingambit|fallen5|[silent]\n|\n|win|kangarooteam1\n|raw|kangarooteam1's rating: 1705 &rarr; <strong>1725</strong><br />(+20 for winning)\n|raw|arturohdez's rating: 1704 &rarr; <strong>1684</strong><br />(-20 for losing)\n", "uploadtime": 1788292623, "views": "0", "formatid": "gen9ou", "rating": 1684, "private": 0, "password": null}