{"id": "gen9ou-2673930879", "format": "[Gen 9] OU", "players": ["go b3yond", "kangarooteam1"], "log": "|j|\u2606go b3yond\n|j|\u2606kangarooteam1\n|t:|1788278527\n|gametype|singles\n|player|p1|go b3yond|waiter-gen4|1529\n|player|p2|kangarooteam1|1|1674\n|gen|9\n|tier|[Gen 9] OU\n|rated|\n|rule|HP Percentage Mod: HP is shown in percentages\n|rule|Endless Battle Clause: Forcing endless battles is banned\n|rule|Species Clause: Limit one of each Pok\u00e9mon\n|rule|OHKO Clause: OHKO moves are banned\n|rule|Evasion Items Clause: Evasion items are banned\n|rule|Evasion Moves Clause: Evasion moves are banned\n|rule|Evasion Abilities Clause: Evasion abilities are banned\n|rule|Sleep Moves Clause: Sleep-inducing moves are banned\n|clearpoke\n|poke|p1|Vikavolt, F|\n|poke|p1|Iron Valiant|\n|poke|p1|Heatran, M|\n|poke|p1|Meowscarada, F|\n|poke|p1|Great Tusk|\n|poke|p1|Kingambit, F|\n|poke|p2|Great Tusk|\n|poke|p2|Gholdengo|\n|poke|p2|Raging Bolt|\n|poke|p2|Iron Valiant|\n|poke|p2|Ogerpon-Wellspring, F|\n|poke|p2|Kingambit, F|\n|teampreview\n|inactive|Battle timer is ON: inactive players will automatically lose when time's up. (requested by kangarooteam1)\n|\n|t:|1788278533\n|teamsize|p1|6\n|teamsize|p2|6\n|start\n|switch|p1a: Kiruma|Vikavolt, F, shiny|100/100\n|switch|p2a: Great Tusk|Great Tusk|100/100\n|turn|1\n|\n|t:|1788278537\n|move|p2a: Great Tusk|Stealth Rock|p1a: Kiruma\n|-sidestart|p1: go b3yond|move: Stealth Rock\n|move|p1a: Kiruma|Energy Ball|p2a: Great Tusk\n|-supereffective|p2a: Great Tusk\n|-damage|p2a: Great Tusk|0 fnt\n|faint|p2a: Great Tusk\n|-end|p2a: Great Tusk|Protosynthesis|[silent]\n|\n|upkeep\n|\n|t:|1788278538\n|switch|p2a: Raging Bolt|Raging Bolt|100/100\n|turn|2\n|\n|t:|1788278542\n|switch|p1a: Rum|Iron Valiant, shiny|100/100\n|-damage|p1a: Rum|94/100|[from] Stealth Rock\n|-enditem|p1a: Rum|Booster Energy\n|-activate|p1a: Rum|ability: Quark Drive|[fromitem]\n|-start|p1a: Rum|quarkdrivespe\n|move|p2a: Raging Bolt|Calm Mind|p2a: Raging Bolt\n|-boost|p2a: Raging Bolt|spa|1\n|-boost|p2a: Raging Bolt|spd|1\n|\n|upkeep\n|turn|3\n|\n|t:|1788278546\n|move|p2a: Raging Bolt|Thunderclap||[still]\n|-fail|p2a: Raging Bolt\n|move|p1a: Rum|Encore|p2a: Raging Bolt\n|-start|p2a: Raging Bolt|Encore\n|\n|upkeep\n|turn|4\n|\n|t:|1788278572\n|-end|p1a: Rum|Quark Drive|[silent]\n|switch|p1a: Duke Long|Great Tusk, shiny|100/100\n|-damage|p1a: Duke Long|98/100|[from] Stealth Rock\n|-end|p2a: Raging Bolt|Protosynthesis|[silent]\n|switch|p2a: Kingambit|Kingambit, F|100/100\n|-activate|p2a: Kingambit|ability: Supreme Overlord\n|-start|p2a: Kingambit|fallen1|[silent]\n|\n|upkeep\n|turn|5\n|\n|t:|1788278576\n|-terastallize|p2a: Kingambit|Ghost\n|move|p1a: Duke Long|Headlong Rush|p2a: Kingambit\n|-damage|p2a: Kingambit|51/100\n|-unboost|p1a: Duke Long|def|1\n|-unboost|p1a: Duke Long|spd|1\n|move|p2a: Kingambit|Swords Dance|p2a: Kingambit\n|-boost|p2a: Kingambit|atk|2\n|\n|-heal|p2a: Kingambit|57/100|[from] item: Leftovers\n|upkeep\n|turn|6\n|\n|t:|1788278588\n|-end|p1a: Duke Long|Protosynthesis|[silent]\n|switch|p1a: L|Kingambit, F, shiny|100/100\n|-damage|p1a: L|94/100|[from] Stealth Rock\n|-item|p1a: L|Air Balloon\n|move|p2a: Kingambit|Iron Head|p1a: L\n|-resisted|p1a: L\n|-damage|p1a: L|49/100\n|-enditem|p1a: L|Air Balloon\n|\n|-heal|p2a: Kingambit|63/100|[from] item: Leftovers\n|upkeep\n|turn|7\n|\n|t:|1788278590\n|-end|p2a: Kingambit|fallen1|[silent]\n|switch|p2a: Iron Valiant|Iron Valiant|100/100\n|-enditem|p2a: Iron Valiant|Booster Energy\n|-activate|p2a: Iron Valiant|ability: Quark Drive|[fromitem]\n|-start|p2a: Iron Valiant|quarkdrivespe\n|move|p1a: L|Sucker Punch||[still]\n|-fail|p1a: L\n|\n|upkeep\n|turn|8\n|\n|t:|1788278594\n|-end|p1a: L|fallenundefined|[silent]\n|switch|p1a: Kiruma|Vikavolt, F, shiny|100/100\n|-damage|p1a: Kiruma|76/100|[from] Stealth Rock\n|move|p2a: Iron Valiant|Moonblast|p1a: Kiruma\n|-damage|p1a: Kiruma|24/100\n|\n|upkeep\n|turn|9\n|\n|t:|1788278597\n|move|p2a: Iron Valiant|Moonblast|p1a: Kiruma\n|-damage|p1a: Kiruma|0 fnt\n|faint|p1a: Kiruma\n|\n|upkeep\n|\n|t:|1788278600\n|switch|p1a: Inspector Tsukumo|Heatran, M, shiny|100/100\n|-damage|p1a: Inspector Tsukumo|88/100|[from] Stealth Rock\n|turn|10\n|\n|t:|1788278602\n|move|p2a: Iron Valiant|Close Combat|p1a: Inspector Tsukumo\n|-supereffective|p1a: Inspector Tsukumo\n|-damage|p1a: Inspector Tsukumo|1/100\n|-unboost|p2a: Iron Valiant|def|1\n|-unboost|p2a: Iron Valiant|spd|1\n|move|p1a: Inspector Tsukumo|Magma Storm|p2a: Iron Valiant\n|-damage|p2a: Iron Valiant|0 fnt\n|faint|p2a: Iron Valiant\n|-end|p2a: Iron Valiant|Quark Drive|[silent]\n|\n|-heal|p1a: Inspector Tsukumo|7/100|[from] item: Leftovers\n|upkeep\n|\n|t:|1788278603\n|switch|p2a: Ogerpon|Ogerpon-Wellspring, F|100/100\n|turn|11\n|\n|t:|1788278608\n|move|p2a: Ogerpon|Ivy Cudgel|p1a: Inspector Tsukumo|[anim] Ivy Cudgel Water\n|-supereffective|p1a: Inspector Tsukumo\n|-damage|p1a: Inspector Tsukumo|0 fnt\n|faint|p1a: Inspector Tsukumo\n|\n|upkeep\n|\n|t:|1788278610\n|switch|p1a: Funny Valentine|Meowscarada, F, shiny|100/100\n|turn|12\n|\n|t:|1788278612\n|move|p1a: Funny Valentine|U-turn|p2a: Ogerpon\n|-start|p1a: Funny Valentine|typechange|Bug|[from] ability: Protean\n|-supereffective|p2a: Ogerpon\n|-damage|p2a: Ogerpon|10/100\n|\n|t:|1788278618\n|switch|p1a: L|Kingambit, F, shiny|49/100|[from] U-turn\n|-damage|p1a: L|42/100|[from] Stealth Rock\n|-activate|p1a: L|ability: Supreme Overlord\n|-start|p1a: L|fallen2|[silent]\n|move|p2a: Ogerpon|U-turn|p1a: L\n|-damage|p1a: L|17/100\n|\n|t:|1788278620\n|switch|p2a: Raging Bolt|Raging Bolt|100/100|[from] U-turn\n|\n|upkeep\n|turn|13\n|\n|t:|1788278622\n|move|p1a: L|Kowtow Cleave|p2a: Raging Bolt\n|-damage|p2a: Raging Bolt|53/100\n|move|p2a: Raging Bolt|Calm Mind|p2a: Raging Bolt\n|-boost|p2a: Raging Bolt|spa|1\n|-boost|p2a: Raging Bolt|spd|1\n|\n|-heal|p2a: Raging Bolt|59/100|[from] item: Leftovers\n|upkeep\n|turn|14\n|\n|t:|1788278626\n|move|p1a: L|Sucker Punch||[still]\n|-fail|p1a: L\n|move|p2a: Raging Bolt|Calm Mind|p2a: Raging Bolt\n|-boost|p2a: Raging Bolt|spa|1\n|-boost|p2a: Raging Bolt|spd|1\n|\n|-heal|p2a: Raging Bolt|65/100|[from] item: Leftovers\n|upkeep\n|turn|15\n|\n|t:|1788278630\n|move|p1a: L|Sucker Punch|p2a: Raging Bolt\n|-damage|p2a: Raging Bolt|27/100\n|move|p2a: Raging Bolt|Thunderclap||[still]\n|-fail|p2a: Raging Bolt\n|\n|-heal|p2a: Raging Bolt|33/100|[from] item: Leftovers\n|upkeep\n|turn|16\n|\n|t:|1788278635\n|move|p1a: L|Sucker Punch|p2a: Raging Bolt\n|-damage|p2a: Raging Bolt|0 fnt\n|faint|p2a: Raging Bolt\n|-end|p2a: Raging Bolt|Protosynthesis|[silent]\n|\n|upkeep\n|\n|t:|1788278637\n|switch|p2a: Ogerpon|Ogerpon-Wellspring, F|10/100\n|turn|17\n|\n|t:|1788278640\n|switch|p2a: Kingambit|Kingambit, F, tera:Ghost|63/100\n|-activate|p2a: Kingambit|ability: Supreme Overlord\n|-start|p2a: Kingambit|fallen3|[silent]\n|move|p1a: L|Sucker Punch||[still]\n|-fail|p1a: L\n|\n|-heal|p2a: Kingambit|70/100|[from] item: Leftovers\n|upkeep\n|turn|18\n|\n|t:|1788278642\n|-end|p2a: Kingambit|fallen3|[silent]\n|switch|p2a: Ogerpon|Ogerpon-Wellspring, F|10/100\n|move|p1a: L|Sucker Punch||[still]\n|-fail|p1a: L\n|\n|upkeep\n|turn|19\n|\n|t:|1788278643\n|switch|p2a: Kingambit|Kingambit, F, tera:Ghost|70/100\n|-activate|p2a: Kingambit|ability: Supreme Overlord\n|-start|p2a: Kingambit|fallen3|[silent]\n|move|p1a: L|Sucker Punch||[still]\n|-fail|p1a: L\n|\n|-heal|p2a: Kingambit|76/100|[from] item: Leftovers\n|upkeep\n|turn|20\n|\n|t:|1788278645\n|-end|p2a: Kingambit|fallen3|[silent]\n|switch|p2a: Ogerpon|Ogerpon-Wellspring, F|10/100\n|move|p1a: L|Kowtow Cleave|p2a: Ogerpon\n|-damage|p2a: Ogerpon|0 fnt\n|faint|p2a: Ogerpon\n|\n|upkeep\n|\n|t:|1788278647\n|switch|p2a: Kingambit|Kingambit, F, tera:Ghost|76/100\n|-activate|p2a: Kingambit|ability: Supreme Overlord\n|-start|p2a: Kingambit|fallen4|[silent]\n|turn|21\n|\n|t:|1788278650\n|move|p1a: L|Sucker Punch|p2a: Kingambit\n|-supereffective|p2a: Kingambit\n|-damage|p2a: Kingambit|0 fnt\n|faint|p2a: Kingambit\n|-end|p2a: Kingambit|fallen4|[silent]\n|\n|upkeep\n|\n|t:|1788278651\n|switch|p2a: Gholdengo|Gholdengo|100/100\n|-item|p2a: Gholdengo|Air Balloon\n|turn|22\n|\n|t:|1788278655\n|move|p2a: Gholdengo|Shadow Ball|p1a: L\n|-resisted|p1a: L\n|-damage|p1a: L|0 fnt\n|faint|p1a: L\n|-end|p1a: L|fallen2|[silent]\n|\n|upkeep\n|\n|t:|1788278658\n|switch|p1a: Funny Valentine|Meowscarada, F, shiny|100/100\n|turn|23\n|\n|t:|1788278660\n|move|p1a: Funny Valentine|Knock Off|p2a: Gholdengo\n|-start|p1a: Funny Valentine|typechange|Dark|[from] ability: Protean\n|-supereffective|p2a: Gholdengo\n|-damage|p2a: Gholdengo|5/100\n|-enditem|p2a: Gholdengo|Air Balloon\n|move|p2a: Gholdengo|Recover|p2a: Gholdengo\n|-heal|p2a: Gholdengo|55/100\n|\n|upkeep\n|turn|24\n|\n|t:|1788278665\n|move|p1a: Funny Valentine|Knock Off|p2a: Gholdengo\n|-supereffective|p2a: Gholdengo\n|-damage|p2a: Gholdengo|0 fnt\n|faint|p2a: Gholdengo\n|\n|win|go b3yond\n|raw|go b3yond's rating: 1529 &rarr; <strong>1557</strong><br />(+28 for winning)\n|raw|kangarooteam1's rating: 1674 &rarr; <strong>1646</strong><br />(-28 for losing)\n", "uploadtime": 1788278666, "views": "0", "formatid": "gen9ou", "rating": 1557, "private": 0, "password": null}