{"id": "gen9ou-2673873734", "format": "[Gen 9] OU", "players": ["elpets", "Mr Tpen"], "log": "|j|\u2606elpets\n|j|\u2606Mr Tpen\n|t:|1788271545\n|gametype|singles\n|player|p1|elpets|infielder|1771\n|player|p2|Mr Tpen|102|1714\n|gen|9\n|tier|[Gen 9] OU\n|rated|\n|rule|HP Percentage Mod: HP is shown in percentages\n|rule|Endless Battle Clause: Forcing endless battles is banned\n|rule|Species Clause: Limit one of each Pok\u00e9mon\n|rule|OHKO Clause: OHKO moves are banned\n|rule|Evasion Items Clause: Evasion items are banned\n|rule|Evasion Moves Clause: Evasion moves are banned\n|rule|Evasion Abilities Clause: Evasion abilities are banned\n|rule|Sleep Moves Clause: Sleep-inducing moves are banned\n|clearpoke\n|poke|p1|Hatterene, F|\n|poke|p1|Dragonite, F|\n|poke|p1|Breloom, M|\n|poke|p1|Azumarill, F|\n|poke|p1|Great Tusk|\n|poke|p1|Skeledirge, F|\n|poke|p2|Clodsire, F|\n|poke|p2|Toxapex, M|\n|poke|p2|Corviknight, M|\n|poke|p2|Dondozo, F|\n|poke|p2|Clefable, F|\n|poke|p2|Gliscor, M|\n|teampreview\n|inactive|Battle timer is ON: inactive players will automatically lose when time's up. (requested by elpets)\n|j| Puyu paz\n|l|\u2606elpets\n|inactive|elpets disconnected and has a minute to reconnect!\n|player|p1|\n|inactive|Mr Tpen has 120 seconds left.\n|\n|t:|1788271583\n|teamsize|p1|6\n|teamsize|p2|6\n|start\n|switch|p1a: Azumarill|Azumarill, F|100/100\n|switch|p2a: nothing new there|Gliscor, M|100/100\n|turn|1\n|j|\u2606elpets\n|inactive|elpets reconnected and has 150 seconds left.\n|player|p1|elpets|infielder|\n|\n|t:|1788271589\n|move|p2a: nothing new there|Protect|p2a: nothing new there\n|-singleturn|p2a: nothing new there|Protect\n|move|p1a: Azumarill|Knock Off|p2a: nothing new there\n|-activate|p2a: nothing new there|move: Protect\n|\n|-status|p2a: nothing new there|tox|[from] item: Toxic Orb\n|upkeep\n|turn|2\n|\n|t:|1788271592\n|move|p2a: nothing new there|Substitute|p2a: nothing new there\n|-start|p2a: nothing new there|Substitute\n|-damage|p2a: nothing new there|75/100 tox\n|move|p1a: Azumarill|Liquidation|p2a: nothing new there\n|-supereffective|p2a: nothing new there\n|-end|p2a: nothing new there|Substitute\n|\n|-heal|p2a: nothing new there|88/100 tox|[from] ability: Poison Heal\n|upkeep\n|turn|3\n|\n|t:|1788271598\n|move|p2a: nothing new there|Protect|p2a: nothing new there\n|-singleturn|p2a: nothing new there|Protect\n|move|p1a: Azumarill|Liquidation|p2a: nothing new there\n|-activate|p2a: nothing new there|move: Protect\n|\n|-heal|p2a: nothing new there|100/100 tox|[from] ability: Poison Heal\n|upkeep\n|turn|4\n|l| Puyu paz\n|\n|t:|1788271602\n|switch|p2a: take your time|Toxapex, M|100/100\n|move|p1a: Azumarill|Liquidation|p2a: take your time\n|-resisted|p2a: take your time\n|-damage|p2a: take your time|84/100\n|-unboost|p2a: take your time|def|1\n|\n|-heal|p2a: take your time|91/100|[from] item: Leftovers\n|upkeep\n|turn|5\n|\n|t:|1788271605\n|switch|p1a: Hatterene|Hatterene, F|100/100\n|move|p2a: take your time|Baneful Bunker||[still]\n|-fail|p2a: take your time\n|\n|-heal|p2a: take your time|97/100|[from] item: Leftovers\n|upkeep\n|turn|6\n|\n|t:|1788271609\n|switch|p2a: love this for you|Clefable, F|100/100\n|move|p1a: Hatterene|Psyshock|p2a: love this for you\n|-damage|p2a: love this for you|64/100\n|\n|upkeep\n|turn|7\n|j| blu-97_v\n|\n|t:|1788271616\n|move|p2a: love this for you|Knock Off|p1a: Hatterene\n|-damage|p1a: Hatterene|85/100\n|-enditem|p1a: Hatterene|Leftovers|[from] move: Knock Off|[of] p2a: love this for you\n|move|p1a: Hatterene|Mystical Fire|p2a: love this for you\n|-damage|p2a: love this for you|35/100\n|-unboost|p2a: love this for you|spa|1\n|\n|upkeep\n|turn|8\n|\n|t:|1788271619\n|move|p2a: love this for you|Moonlight|p2a: love this for you\n|-heal|p2a: love this for you|85/100\n|move|p1a: Hatterene|Psyshock|p2a: love this for you\n|-damage|p2a: love this for you|47/100\n|\n|upkeep\n|turn|9\n|\n|t:|1788271622\n|move|p2a: love this for you|Moonlight|p2a: love this for you\n|-heal|p2a: love this for you|97/100\n|move|p1a: Hatterene|Psyshock|p2a: love this for you\n|-damage|p2a: love this for you|63/100\n|\n|upkeep\n|turn|10\n|\n|t:|1788271625\n|move|p2a: love this for you|Moonblast|p1a: Hatterene\n|-damage|p1a: Hatterene|62/100\n|move|p1a: Hatterene|Psyshock|p2a: love this for you\n|-damage|p2a: love this for you|29/100\n|\n|upkeep\n|turn|11\n|\n|t:|1788271629\n|move|p2a: love this for you|Moonlight|p2a: love this for you\n|-heal|p2a: love this for you|79/100\n|move|p1a: Hatterene|Mystical Fire|p2a: love this for you\n|-crit|p2a: love this for you\n|-damage|p2a: love this for you|33/100\n|-unboost|p2a: love this for you|spa|1\n|\n|upkeep\n|turn|12\n|\n|t:|1788271634\n|switch|p2a: take your time|Toxapex, M|100/100\n|move|p1a: Hatterene|Mystical Fire|p2a: take your time\n|-resisted|p2a: take your time\n|-damage|p2a: take your time|89/100\n|-unboost|p2a: take your time|spa|1\n|\n|-heal|p2a: take your time|96/100|[from] item: Leftovers\n|upkeep\n|turn|13\n|\n|t:|1788271638\n|move|p2a: take your time|Infestation|p1a: Hatterene\n|-damage|p1a: Hatterene|60/100\n|-activate|p1a: Hatterene|move: Infestation|[of] p2a: take your time\n|move|p1a: Hatterene|Psyshock|p2a: take your time\n|-supereffective|p2a: take your time\n|-damage|p2a: take your time|42/100\n|\n|-heal|p2a: take your time|49/100|[from] item: Leftovers\n|-damage|p1a: Hatterene|48/100|[from] move: Infestation|[partiallytrapped]\n|upkeep\n|turn|14\n|\n|t:|1788271640\n|move|p2a: take your time|Baneful Bunker|p2a: take your time\n|-singleturn|p2a: take your time|move: Protect\n|move|p1a: Hatterene|Psyshock|p2a: take your time\n|-activate|p2a: take your time|move: Protect\n|\n|-heal|p2a: take your time|55/100|[from] item: Leftovers\n|-damage|p1a: Hatterene|36/100|[from] move: Infestation|[partiallytrapped]\n|upkeep\n|turn|15\n|\n|t:|1788271643\n|move|p2a: take your time|Poison Jab|p1a: Hatterene\n|-supereffective|p1a: Hatterene\n|-damage|p1a: Hatterene|0 fnt\n|faint|p1a: Hatterene\n|\n|-heal|p2a: take your time|61/100|[from] item: Leftovers\n|upkeep\n|\n|t:|1788271648\n|switch|p1a: Great Tusk|Great Tusk|100/100\n|-enditem|p1a: Great Tusk|Booster Energy\n|-activate|p1a: Great Tusk|ability: Protosynthesis|[fromitem]\n|-start|p1a: Great Tusk|protosynthesisatk\n|turn|16\n|\n|t:|1788271650\n|switch|p2a: love this for you|Clefable, F|33/100\n|move|p1a: Great Tusk|Supercell Slam|p2a: love this for you\n|-damage|p2a: love this for you|0 fnt\n|faint|p2a: love this for you\n|\n|-damage|p1a: Great Tusk|88/100|[from] item: Sticky Barb\n|upkeep\n|\n|t:|1788271652\n|switch|p2a: nothing new there|Gliscor, M|100/100 tox\n|turn|17\n|\n|t:|1788271655\n|move|p2a: nothing new there|Substitute|p2a: nothing new there\n|-start|p2a: nothing new there|Substitute\n|-damage|p2a: nothing new there|75/100 tox\n|move|p1a: Great Tusk|Ice Spinner|p2a: nothing new there\n|-supereffective|p2a: nothing new there\n|-end|p2a: nothing new there|Substitute\n|\n|-heal|p2a: nothing new there|88/100 tox|[from] ability: Poison Heal\n|-damage|p1a: Great Tusk|76/100|[from] item: Sticky Barb\n|upkeep\n|turn|18\n|\n|t:|1788271659\n|move|p2a: nothing new there|Protect|p2a: nothing new there\n|-singleturn|p2a: nothing new there|Protect\n|move|p1a: Great Tusk|Ice Spinner|p2a: nothing new there\n|-activate|p2a: nothing new there|move: Protect\n|\n|-heal|p2a: nothing new there|100/100 tox|[from] ability: Poison Heal\n|-damage|p1a: Great Tusk|63/100|[from] item: Sticky Barb\n|upkeep\n|turn|19\n|\n|t:|1788271665\n|move|p2a: nothing new there|Substitute|p2a: nothing new there\n|-start|p2a: nothing new there|Substitute\n|-damage|p2a: nothing new there|75/100 tox\n|move|p1a: Great Tusk|Rapid Spin|p2a: nothing new there\n|-activate|p2a: nothing new there|move: Substitute|[damage]\n|-boost|p1a: Great Tusk|spe|1\n|\n|-heal|p2a: nothing new there|88/100 tox|[from] ability: Poison Heal\n|-damage|p1a: Great Tusk|51/100|[from] item: Sticky Barb\n|upkeep\n|turn|20\n|\n|t:|1788271667\n|move|p1a: Great Tusk|Ice Spinner|p2a: nothing new there\n|-supereffective|p2a: nothing new there\n|-crit|p2a: nothing new there\n|-end|p2a: nothing new there|Substitute\n|move|p2a: nothing new there|Toxic|p1a: Great Tusk\n|-status|p1a: Great Tusk|tox\n|\n|-damage|p1a: Great Tusk|45/100 tox|[from] psn\n|-heal|p2a: nothing new there|100/100 tox|[from] ability: Poison Heal\n|-damage|p1a: Great Tusk|32/100 tox|[from] item: Sticky Barb\n|upkeep\n|turn|21\n|\n|t:|1788271673\n|move|p2a: nothing new there|Protect|p2a: nothing new there\n|-singleturn|p2a: nothing new there|Protect\n|move|p1a: Great Tusk|Ice Spinner|p2a: nothing new there\n|-activate|p2a: nothing new there|move: Protect\n|\n|-damage|p1a: Great Tusk|20/100 tox|[from] psn\n|-damage|p1a: Great Tusk|8/100 tox|[from] item: Sticky Barb\n|upkeep\n|turn|22\n|\n|t:|1788271676\n|switch|p2a: per my last turn|Corviknight, M|100/100\n|-ability|p2a: per my last turn|Pressure\n|move|p1a: Great Tusk|Supercell Slam|p2a: per my last turn\n|-supereffective|p2a: per my last turn\n|-damage|p2a: per my last turn|22/100\n|\n|-heal|p2a: per my last turn|29/100|[from] item: Leftovers\n|-damage|p1a: Great Tusk|0 fnt|[from] psn\n|faint|p1a: Great Tusk\n|-end|p1a: Great Tusk|Protosynthesis|[silent]\n|upkeep\n|\n|t:|1788271679\n|switch|p1a: Skeledirge|Skeledirge, F|100/100\n|turn|23\n|\n|t:|1788271683\n|switch|p2a: did you calc that?|Clodsire, F|100/100\n|move|p1a: Skeledirge|Torch Song|p2a: did you calc that?\n|-damage|p2a: did you calc that?|84/100\n|-boost|p1a: Skeledirge|spa|1\n|\n|upkeep\n|turn|24\n|\n|t:|1788271688\n|switch|p1a: Azumarill|Azumarill, F|100/100\n|move|p2a: did you calc that?|Earthquake|p1a: Azumarill\n|-damage|p1a: Azumarill|74/100\n|\n|upkeep\n|turn|25\n|\n|t:|1788271691\n|switch|p2a: per my last turn|Corviknight, M|29/100\n|-ability|p2a: per my last turn|Pressure\n|move|p1a: Azumarill|Knock Off|p2a: per my last turn\n|-damage|p2a: per my last turn|0 fnt\n|-enditem|p2a: per my last turn|Leftovers|[from] move: Knock Off|[of] p1a: Azumarill\n|faint|p2a: per my last turn\n|\n|upkeep\n|\n|t:|1788271692\n|switch|p2a: take your time|Toxapex, M|94/100\n|turn|26\n|\n|t:|1788271698\n|switch|p1a: Skeledirge|Skeledirge, F|100/100\n|move|p2a: take your time|Infestation|p1a: Skeledirge\n|-resisted|p1a: Skeledirge\n|-damage|p1a: Skeledirge|99/100\n|-activate|p1a: Skeledirge|move: Infestation|[of] p2a: take your time\n|\n|-heal|p2a: take your time|100/100|[from] item: Leftovers\n|-damage|p1a: Skeledirge|88/100|[from] move: Infestation|[partiallytrapped]\n|upkeep\n|turn|27\n|\n|t:|1788271700\n|move|p2a: take your time|Baneful Bunker|p2a: take your time\n|-singleturn|p2a: take your time|move: Protect\n|move|p1a: Skeledirge|Torch Song|p2a: take your time\n|-activate|p2a: take your time|move: Protect\n|\n|-damage|p1a: Skeledirge|75/100|[from] move: Infestation|[partiallytrapped]\n|upkeep\n|turn|28\n|\n|t:|1788271702\n|move|p1a: Skeledirge|Torch Song|p2a: take your time\n|-resisted|p2a: take your time\n|-damage|p2a: take your time|87/100\n|-boost|p1a: Skeledirge|spa|1\n|move|p2a: take your time|Poison Jab|p1a: Skeledirge\n|-resisted|p1a: Skeledirge\n|-damage|p1a: Skeledirge|70/100\n|\n|-heal|p2a: take your time|93/100|[from] item: Leftovers\n|-damage|p1a: Skeledirge|58/100|[from] move: Infestation|[partiallytrapped]\n|upkeep\n|turn|29\n|\n|t:|1788271706\n|move|p2a: take your time|Baneful Bunker|p2a: take your time\n|-singleturn|p2a: take your time|move: Protect\n|move|p1a: Skeledirge|Torch Song|p2a: take your time\n|-activate|p2a: take your time|move: Protect\n|\n|-heal|p2a: take your time|99/100|[from] item: Leftovers\n|-damage|p1a: Skeledirge|45/100|[from] move: Infestation|[partiallytrapped]\n|upkeep\n|turn|30\n|\n|t:|1788271708\n|move|p1a: Skeledirge|Torch Song|p2a: take your time\n|-resisted|p2a: take your time\n|-damage|p2a: take your time|82/100\n|-boost|p1a: Skeledirge|spa|1\n|move|p2a: take your time|Poison Jab|p1a: Skeledirge\n|-resisted|p1a: Skeledirge\n|-damage|p1a: Skeledirge|39/100\n|\n|-heal|p2a: take your time|88/100|[from] item: Leftovers\n|-end|p1a: Skeledirge|Infestation|[partiallytrapped]\n|upkeep\n|turn|31\n|\n|t:|1788271713\n|move|p2a: take your time|Baneful Bunker|p2a: take your time\n|-singleturn|p2a: take your time|move: Protect\n|move|p1a: Skeledirge|Slack Off|p1a: Skeledirge\n|-heal|p1a: Skeledirge|89/100\n|\n|-heal|p2a: take your time|94/100|[from] item: Leftovers\n|upkeep\n|turn|32\n|\n|t:|1788271715\n|switch|p2a: did you calc that?|Clodsire, F|84/100\n|move|p1a: Skeledirge|Shadow Ball|p2a: did you calc that?\n|-crit|p2a: did you calc that?\n|-damage|p2a: did you calc that?|59/100\n|\n|upkeep\n|turn|33\n|\n|t:|1788271718\n|switch|p1a: Azumarill|Azumarill, F|74/100\n|move|p2a: did you calc that?|Recover|p2a: did you calc that?\n|-heal|p2a: did you calc that?|100/100\n|\n|upkeep\n|turn|34\n|\n|t:|1788271720\n|switch|p2a: take your time|Toxapex, M|100/100\n|move|p1a: Azumarill|Liquidation|p2a: take your time\n|-resisted|p2a: take your time\n|-damage|p2a: take your time|83/100\n|\n|-heal|p2a: take your time|90/100|[from] item: Leftovers\n|upkeep\n|turn|35\n|\n|t:|1788271722\n|switch|p1a: Skeledirge|Skeledirge, F|89/100\n|move|p2a: take your time|Infestation|p1a: Skeledirge\n|-resisted|p1a: Skeledirge\n|-damage|p1a: Skeledirge|89/100\n|-activate|p1a: Skeledirge|move: Infestation|[of] p2a: take your time\n|\n|-heal|p2a: take your time|96/100|[from] item: Leftovers\n|-damage|p1a: Skeledirge|76/100|[from] move: Infestation|[partiallytrapped]\n|upkeep\n|turn|36\n|\n|t:|1788271726\n|move|p1a: Skeledirge|Torch Song|p2a: take your time\n|-resisted|p2a: take your time\n|-damage|p2a: take your time|83/100\n|-boost|p1a: Skeledirge|spa|1\n|move|p2a: take your time|Poison Jab|p1a: Skeledirge\n|-resisted|p1a: Skeledirge\n|-damage|p1a: Skeledirge|71/100\n|\n|-heal|p2a: take your time|89/100|[from] item: Leftovers\n|-damage|p1a: Skeledirge|58/100|[from] move: Infestation|[partiallytrapped]\n|upkeep\n|turn|37\n|\n|t:|1788271729\n|move|p1a: Skeledirge|Shadow Ball|p2a: take your time\n|-damage|p2a: take your time|54/100\n|-unboost|p2a: take your time|spd|1\n|move|p2a: take your time|Poison Jab|p1a: Skeledirge\n|-resisted|p1a: Skeledirge\n|-damage|p1a: Skeledirge|52/100\n|\n|-heal|p2a: take your time|60/100|[from] item: Leftovers\n|-damage|p1a: Skeledirge|40/100|[from] move: Infestation|[partiallytrapped]\n|upkeep\n|turn|38\n|\n|t:|1788271733\n|move|p2a: take your time|Baneful Bunker|p2a: take your time\n|-singleturn|p2a: take your time|move: Protect\n|move|p1a: Skeledirge|Slack Off|p1a: Skeledirge\n|-heal|p1a: Skeledirge|90/100\n|\n|-heal|p2a: take your time|66/100|[from] item: Leftovers\n|-damage|p1a: Skeledirge|77/100|[from] move: Infestation|[partiallytrapped]\n|upkeep\n|turn|39\n|\n|t:|1788271735\n|switch|p2a: did you calc that?|Clodsire, F|100/100\n|move|p1a: Skeledirge|Shadow Ball|p2a: did you calc that?\n|-damage|p2a: did you calc that?|84/100\n|\n|-end|p1a: Skeledirge|Infestation|[partiallytrapped]\n|upkeep\n|turn|40\n|j| Slashutu\n|\n|t:|1788271738\n|switch|p1a: Azumarill|Azumarill, F|74/100\n|move|p2a: did you calc that?|Earthquake|p1a: Azumarill\n|-damage|p1a: Azumarill|46/100\n|\n|upkeep\n|turn|41\n|\n|t:|1788271742\n|switch|p1a: Ippo|Breloom, M|100/100\n|switch|p2a: take your time|Toxapex, M|99/100\n|\n|-heal|p2a: take your time|100/100|[from] item: Leftovers\n|upkeep\n|turn|42\n|\n|t:|1788271745\n|move|p1a: Ippo|Swords Dance|p1a: Ippo\n|-boost|p1a: Ippo|atk|2\n|move|p2a: take your time|Infestation|p1a: Ippo\n|-damage|p1a: Ippo|95/100\n|-activate|p1a: Ippo|move: Infestation|[of] p2a: take your time\n|\n|-damage|p1a: Ippo|83/100|[from] move: Infestation|[partiallytrapped]\n|upkeep\n|turn|43\n|\n|t:|1788271748\n|move|p2a: take your time|Baneful Bunker|p2a: take your time\n|-singleturn|p2a: take your time|move: Protect\n|move|p1a: Ippo|Bullet Seed|p2a: take your time\n|-activate|p2a: take your time|move: Protect\n|\n|-damage|p1a: Ippo|71/100|[from] move: Infestation|[partiallytrapped]\n|upkeep\n|turn|44\n|\n|t:|1788271764\n|move|p1a: Ippo|Bullet Seed|p2a: take your time\n|-damage|p2a: take your time|76/100\n|-damage|p2a: take your time|52/100\n|-damage|p2a: take your time|26/100\n|-damage|p2a: take your time|2/100\n|-damage|p2a: take your time|0 fnt\n|faint|p2a: take your time\n|-hitcount|p2: take your time|5\n|\n|-end|p1a: Ippo|Infestation|[partiallytrapped]|[silent]\n|upkeep\n|\n|t:|1788271767\n|switch|p2a: keep trying|Dondozo, F|100/100\n|turn|45\n|j| Phan009\n|\n|t:|1788271772\n|-terastallize|p2a: keep trying|Dark\n|move|p1a: Ippo|Bullet Seed|p2a: keep trying\n|-damage|p2a: keep trying|92/100\n|-damage|p2a: keep trying|82/100\n|-damage|p2a: keep trying|72/100\n|-hitcount|p2a: keep trying|3\n|move|p2a: keep trying|Curse|p2a: keep trying\n|-unboost|p2a: keep trying|spe|1\n|-boost|p2a: keep trying|atk|1\n|-boost|p2a: keep trying|def|1\n|\n|-heal|p2a: keep trying|79/100|[from] item: Leftovers\n|upkeep\n|turn|46\n|\n|t:|1788271775\n|switch|p1a: Skeledirge|Skeledirge, F|77/100\n|move|p2a: keep trying|Crunch|p1a: Skeledirge\n|-supereffective|p1a: Skeledirge\n|-damage|p1a: Skeledirge|44/100\n|\n|-heal|p2a: keep trying|85/100|[from] item: Leftovers\n|upkeep\n|turn|47\n|\n|t:|1788271791\n|switch|p2a: nothing new there|Gliscor, M|100/100 tox\n|move|p1a: Skeledirge|Slack Off|p1a: Skeledirge\n|-heal|p1a: Skeledirge|94/100\n|\n|upkeep\n|turn|48\n|\n|t:|1788271799\n|switch|p1a: Dragonite|Dragonite, F|100/100\n|move|p2a: nothing new there|Toxic|p1a: Dragonite\n|-status|p1a: Dragonite|tox\n|-enditem|p1a: Dragonite|Lum Berry|[eat]\n|-curestatus|p1a: Dragonite|tox|[msg]\n|\n|upkeep\n|turn|49\n|\n|t:|1788271802\n|move|p2a: nothing new there|Toxic|p1a: Dragonite\n|-status|p1a: Dragonite|tox\n|move|p1a: Dragonite|Dragon Dance|p1a: Dragonite\n|-boost|p1a: Dragonite|atk|1\n|-boost|p1a: Dragonite|spe|1\n|\n|-damage|p1a: Dragonite|94/100 tox|[from] psn\n|upkeep\n|turn|50\n|\n|t:|1788271807\n|switch|p2a: keep trying|Dondozo, F, tera:Dark|85/100\n|move|p1a: Dragonite|Outrage|p2a: keep trying\n|-damage|p2a: keep trying|54/100\n|\n|-heal|p2a: keep trying|60/100|[from] item: Leftovers\n|-damage|p1a: Dragonite|82/100 tox|[from] psn\n|upkeep\n|turn|51\n|\n|t:|1788271812\n|move|p1a: Dragonite|Outrage|p2a: keep trying|[from] lockedmove\n|-damage|p2a: keep trying|31/100\n|-start|p1a: Dragonite|confusion|[fatigue]\n|move|p2a: keep trying|Curse|p2a: keep trying\n|-unboost|p2a: keep trying|spe|1\n|-boost|p2a: keep trying|atk|1\n|-boost|p2a: keep trying|def|1\n|\n|-heal|p2a: keep trying|37/100|[from] item: Leftovers\n|-damage|p1a: Dragonite|63/100 tox|[from] psn\n|upkeep\n|turn|52\n|\n|t:|1788271817\n|-activate|p1a: Dragonite|confusion\n|move|p1a: Dragonite|Outrage|p2a: keep trying\n|-damage|p2a: keep trying|18/100\n|move|p2a: keep trying|Rest|p2a: keep trying\n|-status|p2a: keep trying|slp|[from] move: Rest\n|-heal|p2a: keep trying|100/100 slp|[silent]\n|\n|-damage|p1a: Dragonite|39/100 tox|[from] psn\n|upkeep\n|turn|53\n|\n|t:|1788271820\n|-activate|p1a: Dragonite|confusion\n|-damage|p1a: Dragonite|14/100 tox|[from] confusion\n|cant|p2a: keep trying|slp\n|move|p2a: keep trying|Sleep Talk|p2a: keep trying\n|move|p2a: keep trying|Rest||[from] move: Sleep Talk|[still]\n|-fail|p2a: keep trying\n|\n|-damage|p1a: Dragonite|0 fnt|[from] psn\n|faint|p1a: Dragonite\n|upkeep\n|\n|t:|1788271822\n|switch|p1a: Skeledirge|Skeledirge, F|94/100\n|turn|54\n|\n|t:|1788271825\n|switch|p2a: nothing new there|Gliscor, M|100/100 tox\n|move|p1a: Skeledirge|Torch Song|p2a: nothing new there\n|-damage|p2a: nothing new there|61/100 tox\n|-boost|p1a: Skeledirge|spa|1\n|\n|-heal|p2a: nothing new there|74/100 tox|[from] ability: Poison Heal\n|upkeep\n|turn|55\n|\n|t:|1788271829\n|move|p2a: nothing new there|Toxic|p1a: Skeledirge\n|-status|p1a: Skeledirge|tox\n|move|p1a: Skeledirge|Torch Song|p2a: nothing new there\n|-damage|p2a: nothing new there|20/100 tox\n|-boost|p1a: Skeledirge|spa|1\n|\n|-heal|p2a: nothing new there|32/100 tox|[from] ability: Poison Heal\n|-damage|p1a: Skeledirge|88/100 tox|[from] psn\n|upkeep\n|turn|56\n|\n|t:|1788271833\n|move|p2a: nothing new there|Protect|p2a: nothing new there\n|-singleturn|p2a: nothing new there|Protect\n|move|p1a: Skeledirge|Torch Song|p2a: nothing new there\n|-activate|p2a: nothing new there|move: Protect\n|\n|-heal|p2a: nothing new there|45/100 tox|[from] ability: Poison Heal\n|-damage|p1a: Skeledirge|76/100 tox|[from] psn\n|upkeep\n|turn|57\n|\n|t:|1788271835\n|switch|p2a: did you calc that?|Clodsire, F|84/100\n|switch|p1a: Azumarill|Azumarill, F|46/100\n|\n|upkeep\n|turn|58\n|\n|t:|1788271842\n|switch|p2a: nothing new there|Gliscor, M|45/100 tox\n|move|p1a: Azumarill|Liquidation|p2a: nothing new there\n|-supereffective|p2a: nothing new there\n|-damage|p2a: nothing new there|0 fnt\n|faint|p2a: nothing new there\n|\n|upkeep\n|\n|t:|1788271844\n|switch|p2a: keep trying|Dondozo, F, tera:Dark|100/100 slp\n|turn|59\n|\n|t:|1788271846\n|move|p1a: Azumarill|Play Rough|p2a: keep trying\n|-supereffective|p2a: keep trying\n|-damage|p2a: keep trying|45/100 slp\n|cant|p2a: keep trying|slp\n|move|p2a: keep trying|Sleep Talk|p2a: keep trying\n|move|p2a: keep trying|Curse|p2a: keep trying|[from] move: Sleep Talk\n|-unboost|p2a: keep trying|spe|1\n|-boost|p2a: keep trying|atk|1\n|-boost|p2a: keep trying|def|1\n|\n|-heal|p2a: keep trying|51/100 slp|[from] item: Leftovers\n|upkeep\n|turn|60\n|\n|t:|1788271855\n|move|p1a: Azumarill|Play Rough|p2a: keep trying\n|-supereffective|p2a: keep trying\n|-damage|p2a: keep trying|20/100 slp\n|-curestatus|p2a: keep trying|slp|[msg]\n|move|p2a: keep trying|Rest|p2a: keep trying\n|-status|p2a: keep trying|slp|[from] move: Rest\n|-heal|p2a: keep trying|100/100 slp|[silent]\n|\n|upkeep\n|turn|61\n|\n|t:|1788271861\n|move|p1a: Azumarill|Knock Off|p2a: keep trying\n|-resisted|p2a: keep trying\n|-damage|p2a: keep trying|94/100 slp\n|-enditem|p2a: keep trying|Leftovers|[from] move: Knock Off|[of] p1a: Azumarill\n|cant|p2a: keep trying|slp\n|move|p2a: keep trying|Sleep Talk|p2a: keep trying\n|move|p2a: keep trying|Curse|p2a: keep trying|[from] move: Sleep Talk\n|-unboost|p2a: keep trying|spe|1\n|-boost|p2a: keep trying|atk|1\n|-boost|p2a: keep trying|def|1\n|\n|upkeep\n|turn|62\n|\n|t:|1788271864\n|move|p1a: Azumarill|Play Rough|p2a: keep trying\n|-supereffective|p2a: keep trying\n|-damage|p2a: keep trying|70/100 slp\n|-unboost|p2a: keep trying|atk|1\n|cant|p2a: keep trying|slp\n|move|p2a: keep trying|Sleep Talk|p2a: keep trying\n|move|p2a: keep trying|Crunch|p1a: Azumarill|[from] move: Sleep Talk\n|-resisted|p1a: Azumarill\n|-damage|p1a: Azumarill|27/100\n|\n|upkeep\n|turn|63\n|\n|t:|1788271870\n|move|p1a: Azumarill|Play Rough|p2a: keep trying\n|-supereffective|p2a: keep trying\n|-crit|p2a: keep trying\n|-damage|p2a: keep trying|0 fnt\n|faint|p2a: keep trying\n|\n|upkeep\n|\n|t:|1788271872\n|switch|p2a: did you calc that?|Clodsire, F|84/100\n|turn|64\n|\n|t:|1788271877\n|move|p1a: Azumarill|Liquidation|p2a: did you calc that?\n|-supereffective|p2a: did you calc that?\n|-damage|p2a: did you calc that?|0 fnt\n|faint|p2a: did you calc that?\n|\n|win|elpets\n|raw|elpets's rating: 1771 &rarr; <strong>1788</strong><br />(+17 for winning)\n|raw|Mr Tpen's rating: 1714 &rarr; <strong>1697</strong><br />(-17 for losing)\n|l|\u2606Mr Tpen\n|player|p2|\n|l|\u2606elpets\n|player|p1|\n|l| blu-97_v\n|l| Slashutu\n", "uploadtime": 1788272026, "views": "5", "formatid": "gen9ou", "rating": 1697, "private": 0, "password": null}