{"id": "gen9ou-2673909175", "format": "[Gen 9] OU", "players": ["real regals", "kangarooteam1"], "log": "|j|\u2606real regals\n|j|\u2606kangarooteam1\n|t:|1788275913\n|gametype|singles\n|player|p1|real regals|boarder-gen2|1636\n|player|p2|kangarooteam1|1|1703\n|gen|9\n|tier|[Gen 9] OU\n|rated|\n|rule|HP Percentage Mod: HP is shown in percentages\n|rule|Endless Battle Clause: Forcing endless battles is banned\n|rule|Species Clause: Limit one of each Pok\u00e9mon\n|rule|OHKO Clause: OHKO moves are banned\n|rule|Evasion Items Clause: Evasion items are banned\n|rule|Evasion Moves Clause: Evasion moves are banned\n|rule|Evasion Abilities Clause: Evasion abilities are banned\n|rule|Sleep Moves Clause: Sleep-inducing moves are banned\n|clearpoke\n|poke|p1|Blaziken, F|\n|poke|p1|Primarina, F|\n|poke|p1|Ting-Lu|\n|poke|p1|Dragonite, M|\n|poke|p1|Iron Moth|\n|poke|p1|Gholdengo|\n|poke|p2|Great Tusk|\n|poke|p2|Gholdengo|\n|poke|p2|Raging Bolt|\n|poke|p2|Iron Valiant|\n|poke|p2|Ogerpon-Wellspring, F|\n|poke|p2|Kingambit, F|\n|teampreview\n|inactive|Battle timer is ON: inactive players will automatically lose when time's up. (requested by kangarooteam1)\n|\n|t:|1788275918\n|teamsize|p1|6\n|teamsize|p2|6\n|start\n|switch|p1a: Ting-Lu|Ting-Lu|100/100\n|switch|p2a: Raging Bolt|Raging Bolt|100/100\n|-ability|p1a: Ting-Lu|Vessel of Ruin\n|turn|1\n|\n|t:|1788275921\n|-end|p2a: Raging Bolt|Protosynthesis|[silent]\n|switch|p2a: Great Tusk|Great Tusk|100/100\n|move|p1a: Ting-Lu|Stealth Rock|p2a: Great Tusk\n|-sidestart|p2: kangarooteam1|move: Stealth Rock\n|\n|upkeep\n|turn|2\n|\n|t:|1788275925\n|move|p2a: Great Tusk|Stealth Rock|p1a: Ting-Lu\n|-sidestart|p1: real regals|move: Stealth Rock\n|move|p1a: Ting-Lu|Ruination|p2a: Great Tusk\n|-damage|p2a: Great Tusk|50/100\n|\n|-heal|p2a: Great Tusk|57/100|[from] item: Leftovers\n|upkeep\n|turn|3\n|\n|t:|1788275930\n|move|p2a: Great Tusk|Rapid Spin|p1a: Ting-Lu\n|-damage|p1a: Ting-Lu|92/100\n|-boost|p2a: Great Tusk|spe|1\n|-sideend|p2: kangarooteam1|Stealth Rock|[from] move: Rapid Spin|[of] p2a: Great Tusk\n|move|p1a: Ting-Lu|Earthquake|p2a: Great Tusk\n|-damage|p2a: Great Tusk|38/100\n|\n|-heal|p2a: Great Tusk|44/100|[from] item: Leftovers\n|upkeep\n|turn|4\n|\n|t:|1788275934\n|move|p2a: Great Tusk|Earthquake|p1a: Ting-Lu\n|-damage|p1a: Ting-Lu|67/100\n|move|p1a: Ting-Lu|Earthquake|p2a: Great Tusk\n|-crit|p2a: Great Tusk\n|-damage|p2a: Great Tusk|15/100\n|\n|-heal|p2a: Great Tusk|21/100|[from] item: Leftovers\n|upkeep\n|turn|5\n|\n|t:|1788275940\n|move|p2a: Great Tusk|Earthquake|p1a: Ting-Lu\n|-damage|p1a: Ting-Lu|43/100\n|move|p1a: Ting-Lu|Earthquake|p2a: Great Tusk\n|-damage|p2a: Great Tusk|1/100\n|\n|-heal|p2a: Great Tusk|7/100|[from] item: Leftovers\n|upkeep\n|turn|6\n|\n|t:|1788275944\n|move|p2a: Great Tusk|Earthquake|p1a: Ting-Lu\n|-damage|p1a: Ting-Lu|22/100\n|move|p1a: Ting-Lu|Earthquake|p2a: Great Tusk\n|-damage|p2a: Great Tusk|0 fnt\n|faint|p2a: Great Tusk\n|-end|p2a: Great Tusk|Protosynthesis|[silent]\n|\n|upkeep\n|\n|t:|1788275945\n|switch|p2a: Kingambit|Kingambit, F|100/100\n|-activate|p2a: Kingambit|ability: Supreme Overlord\n|-start|p2a: Kingambit|fallen1|[silent]\n|turn|7\n|\n|t:|1788275950\n|move|p2a: Kingambit|Iron Head|p1a: Ting-Lu\n|-damage|p1a: Ting-Lu|0 fnt\n|faint|p1a: Ting-Lu\n|\n|upkeep\n|\n|t:|1788275953\n|switch|p1a: Blaziken|Blaziken, F|100/100\n|-damage|p1a: Blaziken|88/100|[from] Stealth Rock\n|turn|8\n|\n|t:|1788275957\n|-terastallize|p2a: Kingambit|Ghost\n|move|p1a: Blaziken|Substitute|p1a: Blaziken\n|-start|p1a: Blaziken|Substitute\n|-damage|p1a: Blaziken|63/100\n|move|p2a: Kingambit|Swords Dance|p2a: Kingambit\n|-boost|p2a: Kingambit|atk|2\n|\n|-heal|p1a: Blaziken|69/100|[from] item: Leftovers\n|-ability|p1a: Blaziken|Speed Boost|boost\n|-boost|p1a: Blaziken|spe|1\n|upkeep\n|turn|9\n|\n|t:|1788275962\n|move|p1a: Blaziken|Knock Off|p2a: Kingambit\n|-supereffective|p2a: Kingambit\n|-damage|p2a: Kingambit|51/100\n|-enditem|p2a: Kingambit|Leftovers|[from] move: Knock Off|[of] p1a: Blaziken\n|move|p2a: Kingambit|Kowtow Cleave|p1a: Blaziken\n|-resisted|p1a: Blaziken\n|-end|p1a: Blaziken|Substitute\n|\n|-heal|p1a: Blaziken|75/100|[from] item: Leftovers\n|-ability|p1a: Blaziken|Speed Boost|boost\n|-boost|p1a: Blaziken|spe|1\n|upkeep\n|turn|10\n|\n|t:|1788275970\n|move|p1a: Blaziken|Knock Off|p2a: Kingambit\n|-supereffective|p2a: Kingambit\n|-crit|p2a: Kingambit\n|-damage|p2a: Kingambit|0 fnt\n|faint|p2a: Kingambit\n|-end|p2a: Kingambit|fallen1|[silent]\n|\n|-heal|p1a: Blaziken|81/100|[from] item: Leftovers\n|-ability|p1a: Blaziken|Speed Boost|boost\n|-boost|p1a: Blaziken|spe|1\n|upkeep\n|\n|t:|1788275971\n|switch|p2a: Raging Bolt|Raging Bolt|100/100\n|turn|11\n|\n|t:|1788275976\n|move|p1a: Blaziken|Close Combat|p2a: Raging Bolt\n|-damage|p2a: Raging Bolt|45/100\n|-unboost|p1a: Blaziken|def|1\n|-unboost|p1a: Blaziken|spd|1\n|move|p2a: Raging Bolt|Thunderbolt|p1a: Blaziken\n|-damage|p1a: Blaziken|0 fnt\n|faint|p1a: Blaziken\n|\n|-heal|p2a: Raging Bolt|51/100|[from] item: Leftovers\n|upkeep\n|j| Dennis1338\n|\n|t:|1788275993\n|switch|p1a: Dragonite|Dragonite, M|100/100\n|turn|12\n|\n|t:|1788275995\n|move|p1a: Dragonite|Earthquake|p2a: Raging Bolt\n|-supereffective|p2a: Raging Bolt\n|-damage|p2a: Raging Bolt|0 fnt\n|faint|p2a: Raging Bolt\n|-end|p2a: Raging Bolt|Protosynthesis|[silent]\n|\n|upkeep\n|\n|t:|1788275997\n|switch|p2a: Gholdengo|Gholdengo|100/100\n|-item|p2a: Gholdengo|Air Balloon\n|turn|13\n|\n|t:|1788276001\n|switch|p1a: Gholdengo|Gholdengo|100/100\n|-damage|p1a: Gholdengo|94/100|[from] Stealth Rock\n|-item|p1a: Gholdengo|Air Balloon\n|move|p2a: Gholdengo|Shadow Ball|p1a: Gholdengo\n|-supereffective|p1a: Gholdengo\n|-damage|p1a: Gholdengo|0 fnt\n|-enditem|p1a: Gholdengo|Air Balloon\n|faint|p1a: Gholdengo\n|\n|upkeep\n|\n|t:|1788276004\n|switch|p1a: Iron Moth|Iron Moth|100/100\n|-damage|p1a: Iron Moth|76/100|[from] Stealth Rock\n|-enditem|p1a: Iron Moth|Booster Energy\n|-activate|p1a: Iron Moth|ability: Quark Drive|[fromitem]\n|-start|p1a: Iron Moth|quarkdrivespe\n|turn|14\n|\n|t:|1788276006\n|switch|p2a: Iron Valiant|Iron Valiant|100/100\n|-enditem|p2a: Iron Valiant|Booster Energy\n|-activate|p2a: Iron Valiant|ability: Quark Drive|[fromitem]\n|-start|p2a: Iron Valiant|quarkdrivespe\n|move|p1a: Iron Moth|Fiery Dance|p2a: Iron Valiant\n|-damage|p2a: Iron Valiant|27/100\n|-boost|p1a: Iron Moth|spa|1\n|\n|upkeep\n|turn|15\n|\n|t:|1788276010\n|move|p2a: Iron Valiant|Encore|p1a: Iron Moth\n|-start|p1a: Iron Moth|Encore\n|move|p1a: Iron Moth|Fiery Dance|p2a: Iron Valiant\n|-damage|p2a: Iron Valiant|0 fnt\n|-boost|p1a: Iron Moth|spa|1\n|faint|p2a: Iron Valiant\n|-end|p2a: Iron Valiant|Quark Drive|[silent]\n|\n|upkeep\n|\n|t:|1788276011\n|switch|p2a: Ogerpon|Ogerpon-Wellspring, F|100/100\n|turn|16\n|\n|t:|1788276020\n|move|p1a: Iron Moth|Fiery Dance|p2a: Ogerpon\n|-damage|p2a: Ogerpon|6/100\n|-boost|p1a: Iron Moth|spa|1\n|move|p2a: Ogerpon|Ivy Cudgel|p1a: Iron Moth|[anim] Ivy Cudgel Water\n|-supereffective|p1a: Iron Moth\n|-damage|p1a: Iron Moth|0 fnt\n|faint|p1a: Iron Moth\n|-end|p1a: Iron Moth|Quark Drive|[silent]\n|\n|upkeep\n|\n|t:|1788276024\n|switch|p1a: Dragonite|Dragonite, M|100/100\n|turn|17\n|\n|t:|1788276027\n|move|p2a: Ogerpon|U-turn|p1a: Dragonite\n|-resisted|p1a: Dragonite\n|-damage|p1a: Dragonite|93/100\n|\n|t:|1788276028\n|switch|p2a: Gholdengo|Gholdengo|100/100|[from] U-turn\n|-item|p2a: Gholdengo|Air Balloon\n|move|p1a: Dragonite|Ice Spinner|p2a: Gholdengo\n|-resisted|p2a: Gholdengo\n|-damage|p2a: Gholdengo|82/100\n|-enditem|p2a: Gholdengo|Air Balloon\n|\n|upkeep\n|turn|18\n|\n|t:|1788276034\n|switch|p1a: Primarina|Primarina, F|100/100\n|-damage|p1a: Primarina|88/100|[from] Stealth Rock\n|move|p2a: Gholdengo|Make It Rain|p1a: Primarina\n|-damage|p1a: Primarina|57/100\n|-unboost|p2a: Gholdengo|spa|1\n|\n|upkeep\n|turn|19\n|\n|t:|1788276038\n|move|p2a: Gholdengo|Nasty Plot|p2a: Gholdengo\n|-boost|p2a: Gholdengo|spa|2\n|move|p1a: Primarina|Moonblast|p2a: Gholdengo\n|-resisted|p2a: Gholdengo\n|-damage|p2a: Gholdengo|51/100\n|\n|upkeep\n|turn|20\n|\n|t:|1788276042\n|move|p2a: Gholdengo|Recover|p2a: Gholdengo\n|-heal|p2a: Gholdengo|100/100\n|move|p1a: Primarina|Psychic Noise|p2a: Gholdengo\n|-damage|p2a: Gholdengo|49/100\n|-start|p2a: Gholdengo|move: Heal Block\n|\n|upkeep\n|turn|21\n|\n|t:|1788276050\n|switch|p2a: Ogerpon|Ogerpon-Wellspring, F|6/100\n|move|p1a: Primarina|Psychic Noise|p2a: Ogerpon\n|-heal|p2a: Ogerpon|31/100|[from] ability: Water Absorb|[of] p1a: Primarina\n|\n|upkeep\n|turn|22\n|\n|t:|1788276054\n|move|p2a: Ogerpon|Ivy Cudgel|p1a: Primarina|[anim] Ivy Cudgel Water\n|-resisted|p1a: Primarina\n|-damage|p1a: Primarina|24/100\n|move|p1a: Primarina|Moonblast|p2a: Ogerpon\n|-damage|p2a: Ogerpon|0 fnt\n|faint|p2a: Ogerpon\n|\n|upkeep\n|\n|t:|1788276055\n|switch|p2a: Gholdengo|Gholdengo|49/100\n|turn|23\n|\n|t:|1788276058\n|move|p2a: Gholdengo|Nasty Plot|p2a: Gholdengo\n|-boost|p2a: Gholdengo|spa|2\n|move|p1a: Primarina|Psychic Noise|p2a: Gholdengo\n|-damage|p2a: Gholdengo|3/100\n|-start|p2a: Gholdengo|move: Heal Block\n|\n|upkeep\n|turn|24\n|\n|t:|1788276063\n|move|p2a: Gholdengo|Shadow Ball|p1a: Primarina\n|-damage|p1a: Primarina|0 fnt\n|faint|p1a: Primarina\n|\n|-end|p2a: Gholdengo|move: Heal Block\n|upkeep\n|\n|t:|1788276066\n|switch|p1a: Dragonite|Dragonite, M|93/100\n|turn|25\n|\n|t:|1788276067\n|-terastallize|p1a: Dragonite|Normal\n|move|p2a: Gholdengo|Make It Rain|p1a: Dragonite\n|-damage|p1a: Dragonite|0 fnt\n|-unboost|p2a: Gholdengo|spa|1\n|faint|p1a: Dragonite\n|\n|win|kangarooteam1\n|raw|real regals's rating: 1636 &rarr; <strong>1620</strong><br />(-16 for losing)\n|raw|kangarooteam1's rating: 1703 &rarr; <strong>1719</strong><br />(+16 for winning)\n|l|\u2606kangarooteam1\n|player|p2|\n|l|\u2606real regals\n|player|p1|\n|l| Dennis1338\n", "uploadtime": 1788276068, "views": "1", "formatid": "gen9ou", "rating": 1620, "private": 0, "password": null}