{"id": "gen9ou-2674007691", "format": "[Gen 9] OU", "players": ["kangarooteam1", "rblt ryo"], "log": "|j|\u2606kangarooteam1\n|j|\u2606rblt ryo\n|t:|1788287546\n|gametype|singles\n|player|p1|kangarooteam1|1|1635\n|player|p2|rblt ryo|2|1614\n|gen|9\n|tier|[Gen 9] OU\n|rated|\n|rule|HP Percentage Mod: HP is shown in percentages\n|rule|Endless Battle Clause: Forcing endless battles is banned\n|rule|Species Clause: Limit one of each Pok\u00e9mon\n|rule|OHKO Clause: OHKO moves are banned\n|rule|Evasion Items Clause: Evasion items are banned\n|rule|Evasion Moves Clause: Evasion moves are banned\n|rule|Evasion Abilities Clause: Evasion abilities are banned\n|rule|Sleep Moves Clause: Sleep-inducing moves are banned\n|clearpoke\n|poke|p1|Great Tusk|\n|poke|p1|Gholdengo|\n|poke|p1|Raging Bolt|\n|poke|p1|Iron Valiant|\n|poke|p1|Ogerpon-Wellspring, F|\n|poke|p1|Kingambit, F|\n|poke|p2|Weezing-Galar, M|\n|poke|p2|Heatran, M|\n|poke|p2|Ursaluna, M|\n|poke|p2|Zamazenta-*|\n|poke|p2|Ogerpon-Wellspring, F|\n|poke|p2|Cresselia, F|\n|teampreview\n|inactive|Battle timer is ON: inactive players will automatically lose when time's up. (requested by kangarooteam1)\n|j| gaze of timaeus\n|inactive|rblt ryo has 120 seconds left.\n|\n|t:|1788287592\n|teamsize|p1|6\n|teamsize|p2|6\n|start\n|switch|p1a: Ogerpon|Ogerpon-Wellspring, F|100/100\n|switch|p2a: Alice|Ogerpon-Wellspring, F|100/100\n|turn|1\n|\n|t:|1788287602\n|move|p1a: Ogerpon|Power Whip|p2a: Alice\n|-damage|p2a: Alice|2/100\n|move|p2a: Alice|Power Whip|p1a: Ogerpon\n|-damage|p1a: Ogerpon|1/100\n|\n|upkeep\n|turn|2\n|\n|t:|1788287610\n|move|p2a: Alice|Power Whip|p1a: Ogerpon\n|-damage|p1a: Ogerpon|0 fnt\n|faint|p1a: Ogerpon\n|\n|upkeep\n|\n|t:|1788287611\n|switch|p1a: Kingambit|Kingambit, F|100/100\n|-activate|p1a: Kingambit|ability: Supreme Overlord\n|-start|p1a: Kingambit|fallen1|[silent]\n|turn|3\n|inactive|rblt ryo has 120 seconds left.\n|j| dfe-494ffjfj\n|\n|t:|1788287665\n|switch|p2a: Juggernaut|Ursaluna, M, shiny|100/100\n|move|p1a: Kingambit|Swords Dance|p1a: Kingambit\n|-boost|p1a: Kingambit|atk|2\n|\n|-status|p2a: Juggernaut|brn|[from] item: Flame Orb\n|upkeep\n|turn|4\n|\n|t:|1788287673\n|-terastallize|p1a: Kingambit|Ghost\n|move|p1a: Kingambit|Iron Head|p2a: Juggernaut\n|-damage|p2a: Juggernaut|25/100 brn\n|move|p2a: Juggernaut|Fire Punch|p1a: Kingambit\n|-damage|p1a: Kingambit|68/100\n|\n|-heal|p1a: Kingambit|75/100|[from] item: Leftovers\n|-damage|p2a: Juggernaut|19/100 brn|[from] brn\n|upkeep\n|turn|5\n|l| dfe-494ffjfj\n|\n|t:|1788287686\n|move|p1a: Kingambit|Iron Head|p2a: Juggernaut\n|-damage|p2a: Juggernaut|0 fnt\n|faint|p2a: Juggernaut\n|\n|-heal|p1a: Kingambit|81/100|[from] item: Leftovers\n|upkeep\n|\n|t:|1788287689\n|switch|p2a: Trojan|Zamazenta, shiny|100/100\n|-ability|p2a: Trojan|Dauntless Shield|boost\n|-boost|p2a: Trojan|def|1\n|turn|6\n|\n|t:|1788287693\n|move|p2a: Trojan|Iron Defense|p2a: Trojan\n|-boost|p2a: Trojan|def|2\n|move|p1a: Kingambit|Iron Head|p2a: Trojan\n|-damage|p2a: Trojan|65/100\n|\n|-heal|p2a: Trojan|71/100|[from] item: Leftovers\n|-heal|p1a: Kingambit|87/100|[from] item: Leftovers\n|upkeep\n|turn|7\n|\n|t:|1788287700\n|move|p2a: Trojan|Iron Defense|p2a: Trojan\n|-boost|p2a: Trojan|def|2\n|move|p1a: Kingambit|Iron Head|p2a: Trojan\n|-damage|p2a: Trojan|46/100\n|\n|-heal|p2a: Trojan|51/100|[from] item: Leftovers\n|-heal|p1a: Kingambit|93/100|[from] item: Leftovers\n|upkeep\n|turn|8\n|\n|t:|1788287709\n|move|p2a: Trojan|Crunch|p1a: Kingambit\n|-supereffective|p1a: Kingambit\n|-damage|p1a: Kingambit|62/100\n|move|p1a: Kingambit|Iron Head|p2a: Trojan\n|-damage|p2a: Trojan|23/100\n|\n|-heal|p2a: Trojan|29/100|[from] item: Leftovers\n|-heal|p1a: Kingambit|68/100|[from] item: Leftovers\n|upkeep\n|turn|9\n|\n|t:|1788287716\n|move|p2a: Trojan|Crunch|p1a: Kingambit\n|-supereffective|p1a: Kingambit\n|-damage|p1a: Kingambit|36/100\n|move|p1a: Kingambit|Iron Head|p2a: Trojan\n|-damage|p2a: Trojan|4/100\n|\n|-heal|p2a: Trojan|10/100|[from] item: Leftovers\n|-heal|p1a: Kingambit|42/100|[from] item: Leftovers\n|upkeep\n|turn|10\n|\n|t:|1788287723\n|move|p1a: Kingambit|Sucker Punch||[still]\n|-fail|p1a: Kingambit\n|move|p2a: Trojan|Substitute|p2a: Trojan\n|-fail|p2a: Trojan|move: Substitute|[weak]\n|\n|-heal|p2a: Trojan|16/100|[from] item: Leftovers\n|-heal|p1a: Kingambit|49/100|[from] item: Leftovers\n|upkeep\n|turn|11\n|\n|t:|1788287727\n|-end|p1a: Kingambit|fallen1|[silent]\n|switch|p1a: Iron Valiant|Iron Valiant|100/100\n|-enditem|p1a: Iron Valiant|Booster Energy\n|-activate|p1a: Iron Valiant|ability: Quark Drive|[fromitem]\n|-start|p1a: Iron Valiant|quarkdrivespe\n|move|p2a: Trojan|Crunch|p1a: Iron Valiant\n|-resisted|p1a: Iron Valiant\n|-damage|p1a: Iron Valiant|93/100\n|-unboost|p1a: Iron Valiant|def|1\n|\n|-heal|p2a: Trojan|22/100|[from] item: Leftovers\n|upkeep\n|turn|12\n|\n|t:|1788287742\n|switch|p2a: Sentinel|Weezing-Galar, M, shiny|100/100\n|-ability|p2a: Sentinel|Neutralizing Gas\n|move|p1a: Iron Valiant|Thunderbolt|p2a: Sentinel\n|-damage|p2a: Sentinel|62/100\n|\n|upkeep\n|turn|13\n|\n|t:|1788287761\n|-end|p1a: Iron Valiant|Quark Drive|[silent]\n|switch|p1a: Raging Bolt|Raging Bolt|100/100\n|move|p2a: Sentinel|Sludge Bomb|p1a: Raging Bolt\n|-damage|p1a: Raging Bolt|78/100\n|\n|-heal|p1a: Raging Bolt|85/100|[from] item: Leftovers\n|upkeep\n|turn|14\n|inactive|rblt ryo has 120 seconds left.\n|\n|t:|1788287796\n|-end|p2a: Sentinel|ability: Neutralizing Gas\n|switch|p2a: Crescent|Cresselia, F, shiny|100/100\n|move|p1a: Raging Bolt|Thunderbolt|p2a: Crescent\n|-damage|p2a: Crescent|59/100\n|-status|p2a: Crescent|par\n|\n|-heal|p1a: Raging Bolt|91/100|[from] item: Leftovers\n|-heal|p2a: Crescent|65/100 par|[from] item: Leftovers\n|upkeep\n|turn|15\n|\n|t:|1788287805\n|move|p1a: Raging Bolt|Thunderbolt|p2a: Crescent\n|-damage|p2a: Crescent|29/100 par\n|move|p2a: Crescent|Calm Mind|p2a: Crescent\n|-boost|p2a: Crescent|spa|1\n|-boost|p2a: Crescent|spd|1\n|\n|-heal|p1a: Raging Bolt|97/100|[from] item: Leftovers\n|-heal|p2a: Crescent|35/100 par|[from] item: Leftovers\n|upkeep\n|turn|16\n|-message|rblt ryo forfeited.\n|\n|win|kangarooteam1\n|raw|kangarooteam1's rating: 1635 &rarr; <strong>1654</strong><br />(+19 for winning)\n|raw|rblt ryo's rating: 1614 &rarr; <strong>1595</strong><br />(-19 for losing)\n|l|\u2606kangarooteam1\n|player|p1|\n", "uploadtime": 1788287811, "views": "0", "formatid": "gen9ou", "rating": 1595, "private": 0, "password": null}