{"id": "gen9ou-2673961274", "format": "[Gen 9] OU", "players": ["harrolux", "kangarooteam1"], "log": "|j|\u2606harrolux\n|j|\u2606kangarooteam1\n|t:|1788282144\n|gametype|singles\n|player|p1|harrolux|steven|1521\n|player|p2|kangarooteam1|1|1572\n|gen|9\n|tier|[Gen 9] OU\n|rated|\n|rule|HP Percentage Mod: HP is shown in percentages\n|rule|Endless Battle Clause: Forcing endless battles is banned\n|rule|Species Clause: Limit one of each Pok\u00e9mon\n|rule|OHKO Clause: OHKO moves are banned\n|rule|Evasion Items Clause: Evasion items are banned\n|rule|Evasion Moves Clause: Evasion moves are banned\n|rule|Evasion Abilities Clause: Evasion abilities are banned\n|rule|Sleep Moves Clause: Sleep-inducing moves are banned\n|clearpoke\n|poke|p1|Zamazenta-*|\n|poke|p1|Mimikyu, F|\n|poke|p1|Rotom-Wash|\n|poke|p1|Kyurem|\n|poke|p1|Scream Tail|\n|poke|p1|Hoopa-Unbound|\n|poke|p2|Great Tusk|\n|poke|p2|Gholdengo|\n|poke|p2|Raging Bolt|\n|poke|p2|Iron Valiant|\n|poke|p2|Ogerpon-Wellspring, F|\n|poke|p2|Kingambit, M|\n|teampreview\n|inactive|Battle timer is ON: inactive players will automatically lose when time's up. (requested by kangarooteam1)\n|\n|t:|1788282150\n|teamsize|p1|6\n|teamsize|p2|6\n|start\n|switch|p1a: Deathstroke|Hoopa-Unbound|100/100\n|switch|p2a: Raging Bolt|Raging Bolt|100/100\n|turn|1\n|\n|t:|1788282156\n|move|p1a: Deathstroke|Psychic|p2a: Raging Bolt\n|-damage|p2a: Raging Bolt|55/100\n|move|p2a: Raging Bolt|Calm Mind|p2a: Raging Bolt\n|-boost|p2a: Raging Bolt|spa|1\n|-boost|p2a: Raging Bolt|spd|1\n|\n|-heal|p2a: Raging Bolt|62/100|[from] item: Leftovers\n|upkeep\n|turn|2\n|\n|t:|1788282163\n|-terastallize|p2a: Raging Bolt|Fairy\n|move|p1a: Deathstroke|Knock Off|p2a: Raging Bolt\n|-resisted|p2a: Raging Bolt\n|-damage|p2a: Raging Bolt|42/100\n|-enditem|p2a: Raging Bolt|Leftovers|[from] move: Knock Off|[of] p1a: Deathstroke\n|move|p2a: Raging Bolt|Thunderbolt|p1a: Deathstroke\n|-damage|p1a: Deathstroke|51/100\n|-status|p1a: Deathstroke|par\n|\n|upkeep\n|turn|3\n|\n|t:|1788282176\n|move|p2a: Raging Bolt|Thunderbolt|p1a: Deathstroke\n|-damage|p1a: Deathstroke|6/100 par\n|move|p1a: Deathstroke|Psychic|p2a: Raging Bolt\n|-damage|p2a: Raging Bolt|10/100\n|\n|upkeep\n|turn|4\n|\n|t:|1788282181\n|move|p2a: Raging Bolt|Thunderbolt|p1a: Deathstroke\n|-damage|p1a: Deathstroke|0 fnt\n|faint|p1a: Deathstroke\n|\n|upkeep\n|\n|t:|1788282187\n|switch|p1a: Raven|Mimikyu, F, shiny|100/100\n|turn|5\n|\n|t:|1788282190\n|move|p1a: Raven|Shadow Sneak|p2a: Raging Bolt\n|-damage|p2a: Raging Bolt|0 fnt\n|faint|p2a: Raging Bolt\n|-end|p2a: Raging Bolt|Protosynthesis|[silent]\n|-damage|p1a: Raven|91/100|[from] item: Life Orb\n|\n|upkeep\n|\n|t:|1788282191\n|switch|p2a: Kingambit|Kingambit, M|100/100\n|-activate|p2a: Kingambit|ability: Supreme Overlord\n|-start|p2a: Kingambit|fallen1|[silent]\n|turn|6\n|\n|t:|1788282197\n|move|p1a: Raven|Drain Punch|p2a: Kingambit\n|-supereffective|p2a: Kingambit\n|-damage|p2a: Kingambit|12/100\n|-heal|p1a: Raven|100/100|[from] drain|[of] p2a: Kingambit\n|-damage|p1a: Raven|91/100|[from] item: Life Orb\n|move|p2a: Kingambit|Iron Head|p1a: Raven\n|-activate|p1a: Raven|ability: Disguise\n|-damage|p1a: Raven|91/100\n|detailschange|p1a: Raven|Mimikyu-Busted, F, shiny\n|-damage|p1a: Raven|78/100|[from] pokemon: Mimikyu-Busted\n|\n|-heal|p2a: Kingambit|18/100|[from] item: Leftovers\n|upkeep\n|turn|7\n|\n|t:|1788282209\n|move|p2a: Kingambit|Sucker Punch|p1a: Raven\n|-damage|p1a: Raven|17/100\n|move|p1a: Raven|Drain Punch|p2a: Kingambit\n|-supereffective|p2a: Kingambit\n|-damage|p2a: Kingambit|0 fnt\n|-heal|p1a: Raven|31/100|[from] drain|[of] p2a: Kingambit\n|faint|p2a: Kingambit\n|-end|p2a: Kingambit|fallen1|[silent]\n|-damage|p1a: Raven|21/100|[from] item: Life Orb\n|\n|upkeep\n|\n|t:|1788282211\n|switch|p2a: Iron Valiant|Iron Valiant|100/100\n|-enditem|p2a: Iron Valiant|Booster Energy\n|-activate|p2a: Iron Valiant|ability: Quark Drive|[fromitem]\n|-start|p2a: Iron Valiant|quarkdrivespe\n|turn|8\n|\n|t:|1788282221\n|move|p1a: Raven|Shadow Sneak|p2a: Iron Valiant\n|-damage|p2a: Iron Valiant|69/100\n|-damage|p1a: Raven|11/100|[from] item: Life Orb\n|move|p2a: Iron Valiant|Moonblast|p1a: Raven\n|-damage|p1a: Raven|0 fnt\n|faint|p1a: Raven\n|\n|upkeep\n|\n|t:|1788282233\n|switch|p1a: Starfire|Scream Tail, shiny|100/100\n|-enditem|p1a: Starfire|Booster Energy\n|-activate|p1a: Starfire|ability: Protosynthesis|[fromitem]\n|-start|p1a: Starfire|protosynthesisspe\n|turn|9\n|\n|t:|1788282237\n|move|p2a: Iron Valiant|Moonblast|p1a: Starfire\n|-damage|p1a: Starfire|61/100\n|-unboost|p1a: Starfire|spa|1\n|move|p1a: Starfire|Psyshock|p2a: Iron Valiant\n|-supereffective|p2a: Iron Valiant\n|-damage|p2a: Iron Valiant|23/100\n|\n|upkeep\n|turn|10\n|j| G-Cis91\n|\n|t:|1788282246\n|move|p2a: Iron Valiant|Moonblast|p1a: Starfire\n|-damage|p1a: Starfire|21/100\n|move|p1a: Starfire|Psyshock|p2a: Iron Valiant\n|-supereffective|p2a: Iron Valiant\n|-damage|p2a: Iron Valiant|0 fnt\n|faint|p2a: Iron Valiant\n|-end|p2a: Iron Valiant|Quark Drive|[silent]\n|\n|upkeep\n|\n|t:|1788282247\n|switch|p2a: Gholdengo|Gholdengo|100/100\n|-item|p2a: Gholdengo|Air Balloon\n|turn|11\n|\n|t:|1788282255\n|move|p1a: Starfire|Flamethrower|p2a: Gholdengo\n|-supereffective|p2a: Gholdengo\n|-damage|p2a: Gholdengo|67/100\n|-enditem|p2a: Gholdengo|Air Balloon\n|move|p2a: Gholdengo|Nasty Plot|p2a: Gholdengo\n|-boost|p2a: Gholdengo|spa|2\n|\n|upkeep\n|turn|12\n|l| G-Cis91\n|\n|t:|1788282262\n|move|p1a: Starfire|Flamethrower|p2a: Gholdengo\n|-supereffective|p2a: Gholdengo\n|-damage|p2a: Gholdengo|34/100\n|move|p2a: Gholdengo|Recover|p2a: Gholdengo\n|-heal|p2a: Gholdengo|85/100\n|\n|upkeep\n|turn|13\n|\n|t:|1788282268\n|move|p1a: Starfire|Flamethrower|p2a: Gholdengo\n|-supereffective|p2a: Gholdengo\n|-damage|p2a: Gholdengo|52/100\n|move|p2a: Gholdengo|Recover|p2a: Gholdengo\n|-heal|p2a: Gholdengo|100/100\n|\n|upkeep\n|turn|14\n|\n|t:|1788282273\n|move|p1a: Starfire|Flamethrower|p2a: Gholdengo\n|-supereffective|p2a: Gholdengo\n|-damage|p2a: Gholdengo|68/100\n|move|p2a: Gholdengo|Nasty Plot|p2a: Gholdengo\n|-boost|p2a: Gholdengo|spa|2\n|\n|upkeep\n|turn|15\n|\n|t:|1788282279\n|move|p1a: Starfire|Calm Mind|p1a: Starfire\n|-boost|p1a: Starfire|spa|1\n|-boost|p1a: Starfire|spd|1\n|move|p2a: Gholdengo|Recover|p2a: Gholdengo\n|-heal|p2a: Gholdengo|100/100\n|\n|upkeep\n|turn|16\n|\n|t:|1788282285\n|move|p1a: Starfire|Flamethrower|p2a: Gholdengo\n|-supereffective|p2a: Gholdengo\n|-damage|p2a: Gholdengo|45/100\n|move|p2a: Gholdengo|Recover|p2a: Gholdengo\n|-heal|p2a: Gholdengo|95/100\n|\n|upkeep\n|turn|17\n|\n|t:|1788282290\n|move|p1a: Starfire|Flamethrower|p2a: Gholdengo\n|-supereffective|p2a: Gholdengo\n|-damage|p2a: Gholdengo|42/100\n|move|p2a: Gholdengo|Recover|p2a: Gholdengo\n|-heal|p2a: Gholdengo|92/100\n|\n|upkeep\n|turn|18\n|\n|t:|1788282296\n|move|p1a: Starfire|Flamethrower|p2a: Gholdengo\n|-supereffective|p2a: Gholdengo\n|-damage|p2a: Gholdengo|43/100\n|move|p2a: Gholdengo|Recover|p2a: Gholdengo\n|-heal|p2a: Gholdengo|94/100\n|\n|upkeep\n|turn|19\n|\n|t:|1788282301\n|move|p1a: Starfire|Flamethrower|p2a: Gholdengo\n|-supereffective|p2a: Gholdengo\n|-damage|p2a: Gholdengo|38/100\n|move|p2a: Gholdengo|Recover|p2a: Gholdengo\n|-heal|p2a: Gholdengo|88/100\n|\n|upkeep\n|turn|20\n|\n|t:|1788282306\n|move|p1a: Starfire|Flamethrower|p2a: Gholdengo\n|-supereffective|p2a: Gholdengo\n|-damage|p2a: Gholdengo|37/100\n|move|p2a: Gholdengo|Recover|p2a: Gholdengo\n|-heal|p2a: Gholdengo|87/100\n|\n|upkeep\n|turn|21\n|\n|t:|1788282312\n|switch|p2a: Ogerpon|Ogerpon-Wellspring, F|100/100\n|move|p1a: Starfire|Flamethrower|p2a: Ogerpon\n|-damage|p2a: Ogerpon|75/100\n|\n|upkeep\n|turn|22\n|\n|t:|1788282318\n|move|p1a: Starfire|Psyshock|p2a: Ogerpon\n|-damage|p2a: Ogerpon|35/100\n|move|p2a: Ogerpon|U-turn|p1a: Starfire\n|-damage|p1a: Starfire|0 fnt\n|faint|p1a: Starfire\n|-end|p1a: Starfire|Protosynthesis|[silent]\n|\n|t:|1788282319\n|switch|p2a: Gholdengo|Gholdengo|87/100|[from] U-turn\n|\n|upkeep\n|\n|t:|1788282326\n|switch|p1a: Nightwing|Zamazenta|100/100\n|-ability|p1a: Nightwing|Dauntless Shield|boost\n|-boost|p1a: Nightwing|def|1\n|turn|23\n|\n|t:|1788282330\n|switch|p2a: Great Tusk|Great Tusk|100/100\n|move|p1a: Nightwing|Crunch|p2a: Great Tusk\n|-resisted|p2a: Great Tusk\n|-damage|p2a: Great Tusk|94/100\n|-unboost|p2a: Great Tusk|def|1\n|\n|-heal|p2a: Great Tusk|99/100|[from] item: Leftovers\n|upkeep\n|turn|24\n|\n|t:|1788282338\n|switch|p1a: Red Hood|Rotom-Wash, shiny|100/100\n|move|p2a: Great Tusk|Knock Off|p1a: Red Hood\n|-damage|p1a: Red Hood|75/100\n|-enditem|p1a: Red Hood|Leftovers|[from] move: Knock Off|[of] p2a: Great Tusk\n|\n|-heal|p2a: Great Tusk|100/100|[from] item: Leftovers\n|upkeep\n|turn|25\n|\n|t:|1788282346\n|-end|p2a: Great Tusk|Protosynthesis|[silent]\n|switch|p2a: Ogerpon|Ogerpon-Wellspring, F|35/100\n|move|p1a: Red Hood|Hex|p2a: Ogerpon\n|-crit|p2a: Ogerpon\n|-damage|p2a: Ogerpon|0 fnt\n|faint|p2a: Ogerpon\n|\n|upkeep\n|\n|t:|1788282346\n|switch|p2a: Gholdengo|Gholdengo|87/100\n|turn|26\n|\n|t:|1788282354\n|switch|p2a: Great Tusk|Great Tusk|100/100\n|move|p1a: Red Hood|Hex|p2a: Great Tusk\n|-damage|p2a: Great Tusk|75/100\n|\n|-heal|p2a: Great Tusk|81/100|[from] item: Leftovers\n|upkeep\n|turn|27\n|\n|t:|1788282361\n|-end|p2a: Great Tusk|Protosynthesis|[silent]\n|switch|p2a: Gholdengo|Gholdengo|87/100\n|move|p1a: Red Hood|Will-O-Wisp|p2a: Gholdengo\n|-immune|p2a: Gholdengo|[from] ability: Good as Gold\n|\n|upkeep\n|turn|28\n|\n|t:|1788282366\n|switch|p2a: Great Tusk|Great Tusk|81/100\n|move|p1a: Red Hood|Hex|p2a: Great Tusk\n|-damage|p2a: Great Tusk|57/100\n|\n|-heal|p2a: Great Tusk|63/100|[from] item: Leftovers\n|upkeep\n|turn|29\n|\n|t:|1788282373\n|move|p2a: Great Tusk|Rapid Spin|p1a: Red Hood\n|-damage|p1a: Red Hood|59/100\n|-boost|p2a: Great Tusk|spe|1\n|move|p1a: Red Hood|Will-O-Wisp|p2a: Great Tusk|[miss]\n|-miss|p1a: Red Hood|p2a: Great Tusk\n|\n|-heal|p2a: Great Tusk|69/100|[from] item: Leftovers\n|upkeep\n|turn|30\n|\n|t:|1788282381\n|move|p2a: Great Tusk|Knock Off|p1a: Red Hood\n|-damage|p1a: Red Hood|42/100\n|move|p1a: Red Hood|Will-O-Wisp|p2a: Great Tusk\n|-status|p2a: Great Tusk|brn\n|\n|-heal|p2a: Great Tusk|75/100 brn|[from] item: Leftovers\n|-damage|p2a: Great Tusk|69/100 brn|[from] brn\n|upkeep\n|turn|31\n|\n|t:|1788282388\n|move|p2a: Great Tusk|Stealth Rock|p1a: Red Hood\n|-sidestart|p1: harrolux|move: Stealth Rock\n|move|p1a: Red Hood|Hex|p2a: Great Tusk\n|-damage|p2a: Great Tusk|23/100 brn\n|\n|-heal|p2a: Great Tusk|29/100 brn|[from] item: Leftovers\n|-damage|p2a: Great Tusk|23/100 brn|[from] brn\n|upkeep\n|turn|32\n|\n|t:|1788282396\n|move|p2a: Great Tusk|Knock Off|p1a: Red Hood\n|-damage|p1a: Red Hood|32/100\n|move|p1a: Red Hood|Hex|p2a: Great Tusk\n|-damage|p2a: Great Tusk|0 fnt\n|faint|p2a: Great Tusk\n|-end|p2a: Great Tusk|Protosynthesis|[silent]\n|\n|upkeep\n|\n|t:|1788282396\n|switch|p2a: Gholdengo|Gholdengo|87/100\n|turn|33\n|\n|t:|1788282403\n|move|p2a: Gholdengo|Nasty Plot|p2a: Gholdengo\n|-boost|p2a: Gholdengo|spa|2\n|move|p1a: Red Hood|Hex|p2a: Gholdengo\n|-supereffective|p2a: Gholdengo\n|-damage|p2a: Gholdengo|44/100\n|\n|upkeep\n|turn|34\n|\n|t:|1788282409\n|move|p2a: Gholdengo|Make It Rain|p1a: Red Hood\n|-resisted|p1a: Red Hood\n|-damage|p1a: Red Hood|0 fnt\n|-unboost|p2a: Gholdengo|spa|1\n|faint|p1a: Red Hood\n|\n|upkeep\n|\n|t:|1788282421\n|switch|p1a: Hawk|Kyurem, shiny|100/100\n|-ability|p1a: Hawk|Pressure\n|turn|35\n|\n|t:|1788282425\n|move|p2a: Gholdengo|Make It Rain|p1a: Hawk\n|-supereffective|p1a: Hawk\n|-damage|p1a: Hawk|0 fnt\n|-unboost|p2a: Gholdengo|spa|1\n|faint|p1a: Hawk\n|\n|upkeep\n|\n|t:|1788282431\n|switch|p1a: Nightwing|Zamazenta|100/100\n|turn|36\n|\n|t:|1788282436\n|-terastallize|p1a: Nightwing|Steel\n|move|p1a: Nightwing|Crunch|p2a: Gholdengo\n|-supereffective|p2a: Gholdengo\n|-damage|p2a: Gholdengo|0 fnt\n|faint|p2a: Gholdengo\n|\n|win|harrolux\n|raw|harrolux's rating: 1521 &rarr; <strong>1544</strong><br />(+23 for winning)\n|raw|kangarooteam1's rating: 1572 &rarr; <strong>1549</strong><br />(-23 for losing)\n", "uploadtime": 1788282436, "views": "0", "formatid": "gen9ou", "rating": 1544, "private": 0, "password": null}