{"id": "gen9ou-2673896635", "format": "[Gen 9] OU", "players": ["Nickiewch", "intelPearl"], "log": "|j|\u2606Nickiewch\n|j|\u2606intelPearl\n|t:|1788274372\n|gametype|singles\n|player|p1|Nickiewch|steven|1397\n|player|p2|intelPearl|darach-caitlin|1447\n|gen|9\n|tier|[Gen 9] OU\n|rated|\n|rule|HP Percentage Mod: HP is shown in percentages\n|rule|Endless Battle Clause: Forcing endless battles is banned\n|rule|Species Clause: Limit one of each Pok\u00e9mon\n|rule|OHKO Clause: OHKO moves are banned\n|rule|Evasion Items Clause: Evasion items are banned\n|rule|Evasion Moves Clause: Evasion moves are banned\n|rule|Evasion Abilities Clause: Evasion abilities are banned\n|rule|Sleep Moves Clause: Sleep-inducing moves are banned\n|clearpoke\n|poke|p1|Ninetales-Alola, F|\n|poke|p1|Darkrai|\n|poke|p1|Gholdengo|\n|poke|p1|Dragonite, M|\n|poke|p1|Excadrill, M|\n|poke|p1|Blaziken, F|\n|poke|p2|Jolteon, M|\n|poke|p2|Slowking-Galar, F|\n|poke|p2|Great Tusk|\n|poke|p2|Moltres|\n|poke|p2|Kingambit, F|\n|poke|p2|Hydrapple, M|\n|teampreview\n|inactive|Battle timer is ON: inactive players will automatically lose when time's up. (requested by Nickiewch)\n|\n|t:|1788274384\n|teamsize|p1|6\n|teamsize|p2|6\n|start\n|switch|p1a: Janice Ivy|Ninetales-Alola, F, shiny|100/100\n|switch|p2a: Slowking|Slowking-Galar, F|100/100\n|-weather|Snowscape|[from] ability: Snow Warning|[of] p1a: Janice Ivy\n|turn|1\n|\n|t:|1788274391\n|move|p1a: Janice Ivy|Aurora Veil|p1a: Janice Ivy\n|-sidestart|p1: Nickiewch|move: Aurora Veil\n|move|p2a: Slowking|Sludge Bomb|p1a: Janice Ivy\n|-supereffective|p1a: Janice Ivy\n|-damage|p1a: Janice Ivy|57/100\n|\n|-weather|Snowscape|[upkeep]\n|upkeep\n|turn|2\n|\n|t:|1788274399\n|switch|p1a: Ghouldengo|Gholdengo, shiny|100/100\n|-item|p1a: Ghouldengo|Air Balloon\n|move|p2a: Slowking|Flamethrower|p1a: Ghouldengo\n|-supereffective|p1a: Ghouldengo\n|-damage|p1a: Ghouldengo|69/100\n|-enditem|p1a: Ghouldengo|Air Balloon\n|\n|-weather|Snowscape|[upkeep]\n|upkeep\n|turn|3\n|\n|t:|1788274409\n|switch|p2a: Kingambit|Kingambit, F|100/100\n|move|p1a: Ghouldengo|Nasty Plot|p1a: Ghouldengo\n|-boost|p1a: Ghouldengo|spa|2\n|\n|-weather|Snowscape|[upkeep]\n|upkeep\n|turn|4\n|\n|t:|1788274417\n|move|p1a: Ghouldengo|Thunderbolt|p2a: Kingambit\n|-damage|p2a: Kingambit|33/100\n|move|p2a: Kingambit|Kowtow Cleave|p1a: Ghouldengo\n|-supereffective|p1a: Ghouldengo\n|-damage|p1a: Ghouldengo|17/100\n|\n|-weather|Snowscape|[upkeep]\n|-heal|p2a: Kingambit|39/100|[from] item: Leftovers\n|upkeep\n|turn|5\n|\n|t:|1788274426\n|move|p2a: Kingambit|Sucker Punch||[still]\n|-fail|p2a: Kingambit\n|move|p1a: Ghouldengo|Nasty Plot|p1a: Ghouldengo\n|-boost|p1a: Ghouldengo|spa|2\n|\n|-weather|none\n|-heal|p2a: Kingambit|45/100|[from] item: Leftovers\n|upkeep\n|turn|6\n|\n|t:|1788274435\n|move|p2a: Kingambit|Sucker Punch||[still]\n|-fail|p2a: Kingambit\n|move|p1a: Ghouldengo|Nasty Plot|p1a: Ghouldengo\n|-boost|p1a: Ghouldengo|spa|2\n|\n|-heal|p2a: Kingambit|52/100|[from] item: Leftovers\n|upkeep\n|turn|7\n|\n|t:|1788274442\n|move|p2a: Kingambit|Sucker Punch||[still]\n|-fail|p2a: Kingambit\n|move|p1a: Ghouldengo|Nasty Plot|p1a: Ghouldengo\n|-boost|p1a: Ghouldengo|spa|0\n|\n|-heal|p2a: Kingambit|58/100|[from] item: Leftovers\n|upkeep\n|turn|8\n|\n|t:|1788274450\n|move|p2a: Kingambit|Sucker Punch||[still]\n|-fail|p2a: Kingambit\n|move|p1a: Ghouldengo|Nasty Plot|p1a: Ghouldengo\n|-boost|p1a: Ghouldengo|spa|0\n|\n|-heal|p2a: Kingambit|64/100|[from] item: Leftovers\n|-sideend|p1: Nickiewch|move: Aurora Veil\n|upkeep\n|turn|9\n|\n|t:|1788274459\n|move|p2a: Kingambit|Sucker Punch||[still]\n|-fail|p2a: Kingambit\n|move|p1a: Ghouldengo|Nasty Plot|p1a: Ghouldengo\n|-boost|p1a: Ghouldengo|spa|0\n|\n|-heal|p2a: Kingambit|70/100|[from] item: Leftovers\n|upkeep\n|turn|10\n|\n|t:|1788274467\n|move|p1a: Ghouldengo|Nasty Plot|p1a: Ghouldengo\n|-boost|p1a: Ghouldengo|spa|0\n|move|p2a: Kingambit|Kowtow Cleave|p1a: Ghouldengo\n|-supereffective|p1a: Ghouldengo\n|-damage|p1a: Ghouldengo|0 fnt\n|faint|p1a: Ghouldengo\n|\n|-heal|p2a: Kingambit|76/100|[from] item: Leftovers\n|upkeep\n|\n|t:|1788274478\n|switch|p1a: Janice Ivy|Ninetales-Alola, F, shiny|57/100\n|-weather|Snowscape|[from] ability: Snow Warning|[of] p1a: Janice Ivy\n|turn|11\n|\n|t:|1788274483\n|move|p1a: Janice Ivy|Aurora Veil|p1a: Janice Ivy\n|-sidestart|p1: Nickiewch|move: Aurora Veil\n|move|p2a: Kingambit|Iron Head|p1a: Janice Ivy\n|-supereffective|p1a: Janice Ivy\n|-damage|p1a: Janice Ivy|0 fnt\n|faint|p1a: Janice Ivy\n|\n|-weather|Snowscape|[upkeep]\n|-heal|p2a: Kingambit|82/100|[from] item: Leftovers\n|upkeep\n|\n|t:|1788274495\n|switch|p1a: Oppenheimer|Darkrai, shiny|100/100\n|turn|12\n|\n|t:|1788274504\n|move|p1a: Oppenheimer|Nasty Plot|p1a: Oppenheimer\n|-boost|p1a: Oppenheimer|spa|2\n|move|p2a: Kingambit|Iron Head|p1a: Oppenheimer\n|-damage|p1a: Oppenheimer|69/100\n|\n|-weather|Snowscape|[upkeep]\n|-heal|p2a: Kingambit|88/100|[from] item: Leftovers\n|upkeep\n|turn|13\n|\n|t:|1788274513\n|-end|p2a: Kingambit|fallenundefined|[silent]\n|switch|p2a: Slowking|Slowking-Galar, F|100/100\n|move|p1a: Oppenheimer|Focus Blast|p2a: Slowking|[miss]\n|-miss|p1a: Oppenheimer|p2a: Slowking\n|\n|-weather|Snowscape|[upkeep]\n|upkeep\n|turn|14\n|\n|t:|1788274520\n|move|p1a: Oppenheimer|Dark Pulse|p2a: Slowking\n|-supereffective|p2a: Slowking\n|-damage|p2a: Slowking|0 fnt\n|faint|p2a: Slowking\n|-damage|p1a: Oppenheimer|59/100|[from] item: Life Orb\n|\n|-weather|Snowscape|[upkeep]\n|upkeep\n|c|\u2606Nickiewch|Hmm\n|inactive|intelPearl has 120 seconds left.\n|\n|t:|1788274560\n|switch|p2a: Jolteon|Jolteon, M|100/100\n|turn|15\n|\n|t:|1788274564\n|move|p2a: Jolteon|Volt Switch|p1a: Oppenheimer\n|-damage|p1a: Oppenheimer|36/100\n|\n|t:|1788274567\n|switch|p2a: Kingambit|Kingambit, F|88/100|[from] Volt Switch\n|-activate|p2a: Kingambit|ability: Supreme Overlord\n|-start|p2a: Kingambit|fallen1|[silent]\n|move|p1a: Oppenheimer|Dark Pulse|p2a: Kingambit\n|-resisted|p2a: Kingambit\n|-damage|p2a: Kingambit|20/100\n|-damage|p1a: Oppenheimer|26/100|[from] item: Life Orb\n|\n|-weather|none\n|-heal|p2a: Kingambit|26/100|[from] item: Leftovers\n|upkeep\n|turn|16\n|\n|t:|1788274579\n|move|p2a: Kingambit|Sucker Punch|p1a: Oppenheimer\n|-resisted|p1a: Oppenheimer\n|-damage|p1a: Oppenheimer|10/100\n|move|p1a: Oppenheimer|Dark Pulse|p2a: Kingambit\n|-resisted|p2a: Kingambit\n|-damage|p2a: Kingambit|0 fnt\n|faint|p2a: Kingambit\n|-end|p2a: Kingambit|fallen1|[silent]\n|-damage|p1a: Oppenheimer|0 fnt|[from] item: Life Orb\n|faint|p1a: Oppenheimer\n|\n|upkeep\n|\n|t:|1788274593\n|switch|p1a: KFC Ambassador|Blaziken, F, shiny|100/100\n|switch|p2a: Moltres|Moltres|100/100\n|turn|17\n|\n|t:|1788274598\n|move|p1a: KFC Ambassador|Swords Dance|p1a: KFC Ambassador\n|-boost|p1a: KFC Ambassador|atk|2\n|move|p2a: Moltres|Scorching Sands|p1a: KFC Ambassador\n|-supereffective|p1a: KFC Ambassador\n|-damage|p1a: KFC Ambassador|69/100\n|\n|-ability|p1a: KFC Ambassador|Speed Boost|boost\n|-boost|p1a: KFC Ambassador|spe|1\n|upkeep\n|turn|18\n|\n|t:|1788274607\n|move|p1a: KFC Ambassador|Stone Edge|p2a: Moltres\n|-supereffective|p2a: Moltres\n|-damage|p2a: Moltres|0 fnt\n|faint|p2a: Moltres\n|\n|-sideend|p1: Nickiewch|move: Aurora Veil\n|-ability|p1a: KFC Ambassador|Speed Boost|boost\n|-boost|p1a: KFC Ambassador|spe|1\n|upkeep\n|inactive|intelPearl has 120 seconds left.\n|\n|t:|1788274640\n|switch|p2a: Hydrapple|Hydrapple, M|100/100\n|turn|19\n|\n|t:|1788274650\n|move|p1a: KFC Ambassador|Close Combat|p2a: Hydrapple\n|-damage|p2a: Hydrapple|29/100\n|-unboost|p1a: KFC Ambassador|def|1\n|-unboost|p1a: KFC Ambassador|spd|1\n|move|p2a: Hydrapple|Earth Power|p1a: KFC Ambassador\n|-supereffective|p1a: KFC Ambassador\n|-damage|p1a: KFC Ambassador|0 fnt\n|faint|p1a: KFC Ambassador\n|\n|upkeep\n|\n|t:|1788274663\n|switch|p1a: Dr. Agonite|Dragonite, M, shiny|100/100\n|turn|20\n|\n|t:|1788274668\n|-terastallize|p1a: Dr. Agonite|Normal\n|move|p1a: Dr. Agonite|Dragon Dance|p1a: Dr. Agonite\n|-boost|p1a: Dr. Agonite|atk|1\n|-boost|p1a: Dr. Agonite|spe|1\n|move|p2a: Hydrapple|Fickle Beam|p1a: Dr. Agonite\n|-damage|p1a: Dr. Agonite|82/100\n|\n|upkeep\n|turn|21\n|\n|t:|1788274677\n|switch|p2a: Great Tusk|Great Tusk|100/100\n|move|p1a: Dr. Agonite|Extreme Speed|p2a: Great Tusk\n|-damage|p2a: Great Tusk|61/100\n|-damage|p1a: Dr. Agonite|66/100|[from] item: Rocky Helmet|[of] p2a: Great Tusk\n|\n|upkeep\n|turn|22\n|\n|t:|1788274685\n|move|p1a: Dr. Agonite|Extreme Speed|p2a: Great Tusk\n|-damage|p2a: Great Tusk|19/100\n|-damage|p1a: Dr. Agonite|49/100|[from] item: Rocky Helmet|[of] p2a: Great Tusk\n|move|p2a: Great Tusk|Body Press|p1a: Dr. Agonite\n|-supereffective|p1a: Dr. Agonite\n|-damage|p1a: Dr. Agonite|0 fnt\n|faint|p1a: Dr. Agonite\n|\n|upkeep\n|\n|t:|1788274695\n|switch|p1a: Dih Drill|Excadrill, M, shiny|100/100\n|-ability|p1a: Dih Drill|Mold Breaker\n|-item|p1a: Dih Drill|Air Balloon\n|turn|23\n|\n|t:|1788274703\n|move|p1a: Dih Drill|Iron Head|p2a: Great Tusk\n|-damage|p2a: Great Tusk|0 fnt\n|-damage|p1a: Dih Drill|84/100|[from] item: Rocky Helmet|[of] p2a: Great Tusk\n|faint|p2a: Great Tusk\n|-end|p2a: Great Tusk|Protosynthesis|[silent]\n|\n|upkeep\n|\n|t:|1788274705\n|switch|p2a: Hydrapple|Hydrapple, M|62/100\n|turn|24\n|\n|t:|1788274713\n|move|p1a: Dih Drill|Rapid Spin|p2a: Hydrapple\n|-damage|p2a: Hydrapple|53/100\n|-boost|p1a: Dih Drill|spe|1\n|move|p2a: Hydrapple|Giga Drain|p1a: Dih Drill\n|-damage|p1a: Dih Drill|45/100\n|-heal|p2a: Hydrapple|70/100|[from] drain|[of] p1a: Dih Drill\n|-enditem|p1a: Dih Drill|Air Balloon\n|\n|upkeep\n|turn|25\n|\n|t:|1788274723\n|move|p1a: Dih Drill|Iron Head|p2a: Hydrapple\n|-damage|p2a: Hydrapple|47/100\n|move|p2a: Hydrapple|Earth Power|p1a: Dih Drill\n|-supereffective|p1a: Dih Drill\n|-damage|p1a: Dih Drill|0 fnt\n|faint|p1a: Dih Drill\n|\n|win|intelPearl\n|raw|Nickiewch's rating: 1397 &rarr; <strong>1380</strong><br />(-17 for losing)\n|raw|intelPearl's rating: 1447 &rarr; <strong>1464</strong><br />(+17 for winning)\n|l|\u2606Nickiewch\n|player|p1|\n|l|\u2606intelPearl\n|player|p2|\n", "uploadtime": 1788275012, "views": "0", "formatid": "gen9ou", "rating": 1380, "private": 0, "password": null}