{"id": "gen9ou-2673875158", "format": "[Gen 9] OU", "players": ["real regals", "BlackStar150520"], "log": "|j|\u2606real regals\n|j|\u2606BlackStar150520\n|t:|1788271724\n|gametype|singles\n|player|p1|real regals|boarder-gen2|1608\n|player|p2|BlackStar150520|unknown|1647\n|gen|9\n|tier|[Gen 9] OU\n|rated|\n|rule|HP Percentage Mod: HP is shown in percentages\n|rule|Endless Battle Clause: Forcing endless battles is banned\n|rule|Species Clause: Limit one of each Pok\u00e9mon\n|rule|OHKO Clause: OHKO moves are banned\n|rule|Evasion Items Clause: Evasion items are banned\n|rule|Evasion Moves Clause: Evasion moves are banned\n|rule|Evasion Abilities Clause: Evasion abilities are banned\n|rule|Sleep Moves Clause: Sleep-inducing moves are banned\n|clearpoke\n|poke|p1|Pelipper, M|\n|poke|p1|Raging Bolt|\n|poke|p1|Overqwil, M|\n|poke|p1|Barraskewda, F|\n|poke|p1|Iron Treads|\n|poke|p1|Kingambit, M|\n|poke|p2|Kingambit, M|\n|poke|p2|Iron Valiant|\n|poke|p2|Cinderace, F|\n|poke|p2|Raging Bolt|\n|poke|p2|Ogerpon-Wellspring, F|\n|poke|p2|Garchomp, M|\n|teampreview\n|inactive|Battle timer is ON: inactive players will automatically lose when time's up. (requested by BlackStar150520)\n|\n|t:|1788271736\n|teamsize|p1|6\n|teamsize|p2|6\n|start\n|switch|p1a: Raging Bolt|Raging Bolt|100/100\n|switch|p2a: \ud83e\udd88|Garchomp, M, shiny|100/100\n|-enditem|p1a: Raging Bolt|Booster Energy\n|-activate|p1a: Raging Bolt|ability: Protosynthesis|[fromitem]\n|-start|p1a: Raging Bolt|protosynthesisspa\n|turn|1\n|\n|t:|1788271744\n|move|p2a: \ud83e\udd88|Draco Meteor|p1a: Raging Bolt\n|-supereffective|p1a: Raging Bolt\n|-damage|p1a: Raging Bolt|0 fnt\n|-unboost|p2a: \ud83e\udd88|spa|2\n|faint|p1a: Raging Bolt\n|-end|p1a: Raging Bolt|Protosynthesis|[silent]\n|-damage|p2a: \ud83e\udd88|91/100|[from] item: Life Orb\n|\n|upkeep\n|\n|t:|1788271749\n|switch|p1a: Pelipper|Pelipper, M|100/100\n|-weather|RainDance|[from] ability: Drizzle|[of] p1a: Pelipper\n|turn|2\n|j| Sashannarcy\n|\n|t:|1788271753\n|move|p2a: \ud83e\udd88|Stealth Rock|p1a: Pelipper\n|-sidestart|p1: real regals|move: Stealth Rock\n|move|p1a: Pelipper|Weather Ball|p2a: \ud83e\udd88\n|-damage|p2a: \ud83e\udd88|30/100\n|\n|-weather|RainDance|[upkeep]\n|upkeep\n|turn|3\n|\n|t:|1788271759\n|switch|p2a: \u26a1\ufe0f|Raging Bolt|100/100\n|switch|p1a: Iron Treads|Iron Treads|100/100\n|-damage|p1a: Iron Treads|97/100|[from] Stealth Rock\n|-enditem|p1a: Iron Treads|Booster Energy\n|-activate|p1a: Iron Treads|ability: Quark Drive|[fromitem]\n|-start|p1a: Iron Treads|quarkdrivespe\n|\n|-weather|RainDance|[upkeep]\n|upkeep\n|turn|4\n|\n|t:|1788271774\n|-end|p2a: \u26a1\ufe0f|Protosynthesis|[silent]\n|switch|p2a: \ud83c\udfad|Ogerpon-Wellspring, F|100/100\n|move|p1a: Iron Treads|Stealth Rock|p2a: \ud83c\udfad\n|-sidestart|p2: BlackStar150520|move: Stealth Rock\n|\n|-weather|RainDance|[upkeep]\n|upkeep\n|turn|5\n|\n|t:|1788271791\n|-end|p1a: Iron Treads|Quark Drive|[silent]\n|switch|p1a: Barraskewda|Barraskewda, F|100/100\n|-damage|p1a: Barraskewda|88/100|[from] Stealth Rock\n|move|p2a: \ud83c\udfad|Ivy Cudgel|p1a: Barraskewda|[anim] Ivy Cudgel Water\n|-resisted|p1a: Barraskewda\n|-crit|p1a: Barraskewda\n|-damage|p1a: Barraskewda|0 fnt\n|faint|p1a: Barraskewda\n|\n|-weather|RainDance|[upkeep]\n|upkeep\n|\n|t:|1788271793\n|switch|p1a: Overqwil|Overqwil, M|100/100\n|-damage|p1a: Overqwil|88/100|[from] Stealth Rock\n|turn|6\n|\n|t:|1788271804\n|move|p1a: Overqwil|Gunk Shot|p2a: \ud83c\udfad\n|-supereffective|p2a: \ud83c\udfad\n|-damage|p2a: \ud83c\udfad|0 fnt\n|faint|p2a: \ud83c\udfad\n|-damage|p1a: Overqwil|78/100|[from] item: Life Orb\n|\n|-weather|RainDance|[upkeep]\n|upkeep\n|\n|t:|1788271809\n|switch|p2a: Aizen\ud83d\udde1\ufe0f|Kingambit, M, shiny|100/100\n|-damage|p2a: Aizen\ud83d\udde1\ufe0f|94/100|[from] Stealth Rock\n|-activate|p2a: Aizen\ud83d\udde1\ufe0f|ability: Supreme Overlord\n|-start|p2a: Aizen\ud83d\udde1\ufe0f|fallen1|[silent]\n|turn|7\n|\n|t:|1788271818\n|move|p1a: Overqwil|Liquidation|p2a: Aizen\ud83d\udde1\ufe0f\n|-damage|p2a: Aizen\ud83d\udde1\ufe0f|51/100\n|-damage|p1a: Overqwil|69/100|[from] item: Life Orb\n|move|p2a: Aizen\ud83d\udde1\ufe0f|Low Kick|p1a: Overqwil\n|-damage|p1a: Overqwil|28/100\n|\n|-weather|RainDance|[upkeep]\n|-heal|p2a: Aizen\ud83d\udde1\ufe0f|57/100|[from] item: Leftovers\n|upkeep\n|turn|8\n|\n|t:|1788271825\n|move|p2a: Aizen\ud83d\udde1\ufe0f|Sucker Punch|p1a: Overqwil\n|-resisted|p1a: Overqwil\n|-crit|p1a: Overqwil\n|-damage|p1a: Overqwil|0 fnt\n|faint|p1a: Overqwil\n|\n|-weather|RainDance|[upkeep]\n|-heal|p2a: Aizen\ud83d\udde1\ufe0f|63/100|[from] item: Leftovers\n|upkeep\n|\n|t:|1788271827\n|switch|p1a: Iron Treads|Iron Treads|97/100\n|-damage|p1a: Iron Treads|94/100|[from] Stealth Rock\n|turn|9\n|\n|t:|1788271837\n|-terastallize|p2a: Aizen\ud83d\udde1\ufe0f|Ghost\n|move|p1a: Iron Treads|Earth Power|p2a: Aizen\ud83d\udde1\ufe0f\n|-damage|p2a: Aizen\ud83d\udde1\ufe0f|27/100\n|move|p2a: Aizen\ud83d\udde1\ufe0f|Low Kick|p1a: Iron Treads\n|-supereffective|p1a: Iron Treads\n|-damage|p1a: Iron Treads|0 fnt\n|faint|p1a: Iron Treads\n|-end|p1a: Iron Treads|Quark Drive|[silent]\n|\n|-weather|none\n|-heal|p2a: Aizen\ud83d\udde1\ufe0f|33/100|[from] item: Leftovers\n|upkeep\n|\n|t:|1788271843\n|switch|p1a: Pelipper|Pelipper, M|100/100\n|-damage|p1a: Pelipper|76/100|[from] Stealth Rock\n|-weather|RainDance|[from] ability: Drizzle|[of] p1a: Pelipper\n|turn|10\n|\n|t:|1788271847\n|-end|p2a: Aizen\ud83d\udde1\ufe0f|fallen1|[silent]\n|switch|p2a: \ud83e\udd88|Garchomp, M, shiny|30/100\n|-damage|p2a: \ud83e\udd88|24/100|[from] Stealth Rock\n|move|p1a: Pelipper|Weather Ball|p2a: \ud83e\udd88\n|-damage|p2a: \ud83e\udd88|0 fnt\n|faint|p2a: \ud83e\udd88\n|\n|-weather|RainDance|[upkeep]\n|upkeep\n|\n|t:|1788271850\n|switch|p2a: \u26a1\ufe0f|Raging Bolt|100/100\n|-damage|p2a: \u26a1\ufe0f|88/100|[from] Stealth Rock\n|turn|11\n|\n|t:|1788271859\n|move|p2a: \u26a1\ufe0f|Calm Mind|p2a: \u26a1\ufe0f\n|-boost|p2a: \u26a1\ufe0f|spa|1\n|-boost|p2a: \u26a1\ufe0f|spd|1\n|move|p1a: Pelipper|Weather Ball|p2a: \u26a1\ufe0f\n|-resisted|p2a: \u26a1\ufe0f\n|-crit|p2a: \u26a1\ufe0f\n|-damage|p2a: \u26a1\ufe0f|54/100\n|\n|-weather|RainDance|[upkeep]\n|-heal|p2a: \u26a1\ufe0f|60/100|[from] item: Leftovers\n|upkeep\n|turn|12\n|\n|t:|1788271862\n|move|p2a: \u26a1\ufe0f|Thunderbolt|p1a: Pelipper\n|-supereffective|p1a: Pelipper\n|-damage|p1a: Pelipper|0 fnt\n|faint|p1a: Pelipper\n|\n|-weather|RainDance|[upkeep]\n|-heal|p2a: \u26a1\ufe0f|67/100|[from] item: Leftovers\n|upkeep\n|\n|t:|1788271865\n|switch|p1a: Kingambit|Kingambit, M|100/100\n|-damage|p1a: Kingambit|94/100|[from] Stealth Rock\n|-activate|p1a: Kingambit|ability: Supreme Overlord\n|-start|p1a: Kingambit|fallen5|[silent]\n|turn|13\n|\n|t:|1788271875\n|move|p2a: \u26a1\ufe0f|Thunderbolt|p1a: Kingambit\n|-damage|p1a: Kingambit|12/100\n|move|p1a: Kingambit|Swords Dance|p1a: Kingambit\n|-boost|p1a: Kingambit|atk|2\n|\n|-weather|RainDance|[upkeep]\n|-heal|p2a: \u26a1\ufe0f|73/100|[from] item: Leftovers\n|-heal|p1a: Kingambit|18/100|[from] item: Leftovers\n|upkeep\n|turn|14\n|\n|t:|1788271883\n|move|p2a: \u26a1\ufe0f|Thunderclap||[still]\n|-fail|p2a: \u26a1\ufe0f\n|move|p1a: Kingambit|Swords Dance|p1a: Kingambit\n|-boost|p1a: Kingambit|atk|2\n|\n|-weather|RainDance|[upkeep]\n|-heal|p2a: \u26a1\ufe0f|79/100|[from] item: Leftovers\n|-heal|p1a: Kingambit|24/100|[from] item: Leftovers\n|upkeep\n|turn|15\n|\n|t:|1788271885\n|move|p2a: \u26a1\ufe0f|Thunderclap||[still]\n|-fail|p2a: \u26a1\ufe0f\n|move|p1a: Kingambit|Swords Dance|p1a: Kingambit\n|-boost|p1a: Kingambit|atk|2\n|\n|-weather|RainDance|[upkeep]\n|-heal|p2a: \u26a1\ufe0f|85/100|[from] item: Leftovers\n|-heal|p1a: Kingambit|31/100|[from] item: Leftovers\n|upkeep\n|turn|16\n|\n|t:|1788271887\n|move|p2a: \u26a1\ufe0f|Thunderclap||[still]\n|-fail|p2a: \u26a1\ufe0f\n|move|p1a: Kingambit|Swords Dance|p1a: Kingambit\n|-boost|p1a: Kingambit|atk|0\n|\n|-weather|RainDance|[upkeep]\n|-heal|p2a: \u26a1\ufe0f|91/100|[from] item: Leftovers\n|-heal|p1a: Kingambit|37/100|[from] item: Leftovers\n|upkeep\n|turn|17\n|\n|t:|1788271890\n|move|p2a: \u26a1\ufe0f|Thunderclap||[still]\n|-fail|p2a: \u26a1\ufe0f\n|move|p1a: Kingambit|Swords Dance|p1a: Kingambit\n|-boost|p1a: Kingambit|atk|0\n|\n|-weather|none\n|-heal|p2a: \u26a1\ufe0f|97/100|[from] item: Leftovers\n|-heal|p1a: Kingambit|43/100|[from] item: Leftovers\n|upkeep\n|turn|18\n|\n|t:|1788271893\n|move|p2a: \u26a1\ufe0f|Thunderclap||[still]\n|-fail|p2a: \u26a1\ufe0f\n|move|p1a: Kingambit|Swords Dance|p1a: Kingambit\n|-boost|p1a: Kingambit|atk|0\n|\n|-heal|p2a: \u26a1\ufe0f|100/100|[from] item: Leftovers\n|-heal|p1a: Kingambit|49/100|[from] item: Leftovers\n|upkeep\n|turn|19\n|\n|t:|1788271896\n|move|p2a: \u26a1\ufe0f|Thunderclap||[still]\n|-fail|p2a: \u26a1\ufe0f\n|move|p1a: Kingambit|Swords Dance|p1a: Kingambit\n|-boost|p1a: Kingambit|atk|0\n|\n|-heal|p1a: Kingambit|56/100|[from] item: Leftovers\n|upkeep\n|turn|20\n|\n|t:|1788271898\n|move|p2a: \u26a1\ufe0f|Thunderclap||[still]\n|-fail|p2a: \u26a1\ufe0f\n|move|p1a: Kingambit|Swords Dance|p1a: Kingambit\n|-boost|p1a: Kingambit|atk|0\n|\n|-heal|p1a: Kingambit|62/100|[from] item: Leftovers\n|upkeep\n|turn|21\n|\n|t:|1788271926\n|move|p2a: \u26a1\ufe0f|Thunderclap||[still]\n|-fail|p2a: \u26a1\ufe0f\n|move|p1a: Kingambit|Swords Dance|p1a: Kingambit\n|-boost|p1a: Kingambit|atk|0\n|\n|-heal|p1a: Kingambit|68/100|[from] item: Leftovers\n|upkeep\n|turn|22\n|\n|t:|1788271935\n|-end|p2a: \u26a1\ufe0f|Protosynthesis|[silent]\n|switch|p2a: BunnyGirlSenpai|Cinderace, F|100/100\n|move|p1a: Kingambit|Sucker Punch||[still]\n|-fail|p1a: Kingambit\n|\n|-heal|p1a: Kingambit|74/100|[from] item: Leftovers\n|upkeep\n|turn|23\n|j| Slashutu\n|\n|t:|1788271943\n|-terastallize|p1a: Kingambit|Dark\n|move|p2a: BunnyGirlSenpai|Will-O-Wisp|p1a: Kingambit\n|-status|p1a: Kingambit|brn\n|move|p1a: Kingambit|Kowtow Cleave|p2a: BunnyGirlSenpai\n|-damage|p2a: BunnyGirlSenpai|0 fnt\n|faint|p2a: BunnyGirlSenpai\n|\n|-heal|p1a: Kingambit|81/100 brn|[from] item: Leftovers\n|-damage|p1a: Kingambit|74/100 brn|[from] brn\n|upkeep\n|\n|t:|1788271952\n|switch|p2a: Hero|Iron Valiant|100/100\n|-damage|p2a: Hero|94/100|[from] Stealth Rock\n|-enditem|p2a: Hero|Booster Energy\n|-activate|p2a: Hero|ability: Quark Drive|[fromitem]\n|-start|p2a: Hero|quarkdrivespe\n|turn|24\n|-message|real regals forfeited.\n|\n|win|BlackStar150520\n|raw|real regals's rating: 1608 &rarr; <strong>1590</strong><br />(-18 for losing)\n|raw|BlackStar150520's rating: 1647 &rarr; <strong>1665</strong><br />(+18 for winning)\n|l|\u2606real regals\n|player|p1|\n|l|\u2606BlackStar150520\n|player|p2|\n|l| Slashutu\n|l| Sashannarcy\n", "uploadtime": 1788271961, "views": "4", "formatid": "gen9ou", "rating": 1590, "private": 0, "password": null}