{"id": "gen9ou-2673971874", "format": "[Gen 9] OU", "players": ["goggins_aad", "PeacefulHalo"], "log": "|j|\u2606goggins_aad\n|j|\u2606PeacefulHalo\n|t:|1788283395\n|gametype|singles\n|player|p1|goggins_aad|265|1438\n|player|p2|PeacefulHalo|tuber|1501\n|gen|9\n|tier|[Gen 9] OU\n|rated|\n|rule|HP Percentage Mod: HP is shown in percentages\n|rule|Endless Battle Clause: Forcing endless battles is banned\n|rule|Species Clause: Limit one of each Pok\u00e9mon\n|rule|OHKO Clause: OHKO moves are banned\n|rule|Evasion Items Clause: Evasion items are banned\n|rule|Evasion Moves Clause: Evasion moves are banned\n|rule|Evasion Abilities Clause: Evasion abilities are banned\n|rule|Sleep Moves Clause: Sleep-inducing moves are banned\n|clearpoke\n|poke|p1|Keldeo-Resolute|\n|poke|p1|Ceruledge, F|\n|poke|p1|Kingambit, M|\n|poke|p1|Metagross|\n|poke|p1|Ninetales-Alola, F|\n|poke|p1|Raging Bolt|\n|poke|p2|Hoopa-Unbound|\n|poke|p2|Pecharunt|\n|poke|p2|Landorus-Therian, M|\n|poke|p2|Cinderace, M|\n|poke|p2|Alomomola, M|\n|poke|p2|Iron Valiant|\n|teampreview\n|inactive|Battle timer is ON: inactive players will automatically lose when time's up. (requested by PeacefulHalo)\n|c|\u2606PeacefulHalo|glhf\n|inactive|PeacefulHalo has 120 seconds left.\n|c|\u2606goggins_aad|same\n|\n|t:|1788283436\n|teamsize|p1|6\n|teamsize|p2|6\n|start\n|switch|p1a: Ninetales|Ninetales-Alola, F|100/100\n|switch|p2a: Liberacy|Cinderace, M, shiny|100/100\n|-weather|Snowscape|[from] ability: Snow Warning|[of] p1a: Ninetales\n|turn|1\n|\n|t:|1788283454\n|move|p2a: Liberacy|Pyro Ball|p1a: Ninetales\n|-supereffective|p1a: Ninetales\n|-damage|p1a: Ninetales|0 fnt\n|faint|p1a: Ninetales\n|\n|-weather|Snowscape|[upkeep]\n|upkeep\n|\n|t:|1788283460\n|switch|p1a: Metagross|Metagross|100/100\n|turn|2\n|c|\u2606goggins_aad|shi\n|c|\u2606PeacefulHalo|what was that revenge switch in?\n|c|\u2606goggins_aad|keldeo\n|inactive|PeacefulHalo has 120 seconds left.\n|c|\u2606PeacefulHalo|nah i mean why metagross\n|\n|t:|1788283499\n|switch|p1a: Keldeo|Keldeo-Resolute|100/100\n|move|p2a: Liberacy|Pyro Ball|p1a: Keldeo\n|-resisted|p1a: Keldeo\n|-damage|p1a: Keldeo|65/100\n|-status|p1a: Keldeo|brn\n|\n|-weather|Snowscape|[upkeep]\n|-damage|p1a: Keldeo|59/100 brn|[from] brn\n|upkeep\n|turn|3\n|inactive|PeacefulHalo has 120 seconds left.\n|c|\u2606goggins_aad|misclick\n|c|\u2606PeacefulHalo|shiii\n|c|\u2606PeacefulHalo|srry\n|c|\u2606goggins_aad|np lol\n|c|\u2606PeacefulHalo|ahh fairs\n|\n|t:|1788283515\n|move|p2a: Liberacy|U-turn|p1a: Keldeo\n|-start|p2a: Liberacy|typechange|Bug|[from] ability: Libero\n|-resisted|p1a: Keldeo\n|-damage|p1a: Keldeo|38/100 brn\n|\n|t:|1788283521\n|switch|p2a: Pisces|Alomomola, M|100/100|[from] U-turn\n|move|p1a: Keldeo|Calm Mind|p1a: Keldeo\n|-boost|p1a: Keldeo|spa|1\n|-boost|p1a: Keldeo|spd|1\n|\n|-weather|Snowscape|[upkeep]\n|-damage|p1a: Keldeo|32/100 brn|[from] brn\n|upkeep\n|turn|4\n|c|\u2606goggins_aad|been a while since i played\n|\n|t:|1788283529\n|move|p1a: Keldeo|Secret Sword|p2a: Pisces\n|-damage|p2a: Pisces|54/100\n|move|p2a: Pisces|Flip Turn|p1a: Keldeo\n|-resisted|p1a: Keldeo\n|-damage|p1a: Keldeo|23/100 brn\n|c|\u2606PeacefulHalo|fairs\n|inactive|PeacefulHalo has 120 seconds left.\n|\n|t:|1788283558\n|switch|p2a: Calamity|Iron Valiant, shiny|100/100|[from] Flip Turn\n|\n|-weather|Snowscape|[upkeep]\n|-damage|p1a: Keldeo|17/100 brn|[from] brn\n|upkeep\n|turn|5\n|\n|t:|1788283569\n|move|p2a: Calamity|Shadow Ball|p1a: Keldeo\n|-damage|p1a: Keldeo|0 fnt\n|faint|p1a: Keldeo\n|\n|-weather|none\n|upkeep\n|\n|t:|1788283572\n|switch|p1a: Metagross|Metagross|100/100\n|turn|6\n|inactive|PeacefulHalo has 120 seconds left.\n|\n|t:|1788283588\n|-end|p2a: Calamity|Quark Drive|[silent]\n|switch|p2a: Overseer|Pecharunt|100/100\n|move|p1a: Metagross|Agility|p1a: Metagross\n|-boost|p1a: Metagross|spe|2\n|\n|upkeep\n|turn|7\n|\n|t:|1788283596\n|move|p1a: Metagross|Earthquake|p2a: Overseer\n|-supereffective|p2a: Overseer\n|-damage|p2a: Overseer|66/100\n|move|p2a: Overseer|Shadow Ball|p1a: Metagross\n|-supereffective|p1a: Metagross\n|-damage|p1a: Metagross|37/100\n|-enditem|p1a: Metagross|Weakness Policy\n|-boost|p1a: Metagross|atk|2|[from] item: Weakness Policy\n|-boost|p1a: Metagross|spa|2|[from] item: Weakness Policy\n|\n|upkeep\n|turn|8\n|inactive|PeacefulHalo has 120 seconds left.\n|\n|t:|1788283604\n|switch|p2a: Enten|Landorus-Therian, M|100/100\n|-ability|p2a: Enten|Intimidate|boost\n|-fail|p1a: Metagross|unboost|[from] ability: Clear Body|[of] p1a: Metagross\n|move|p1a: Metagross|Psychic Fangs|p2a: Enten\n|-crit|p2a: Enten\n|-damage|p2a: Enten|0 fnt\n|faint|p2a: Enten\n|\n|upkeep\n|inactive|PeacefulHalo has 120 seconds left.\n|c|\u2606goggins_aad|damn\n|c|\u2606goggins_aad|sry\n|c|\u2606PeacefulHalo|nah crit didnt matter\n|c|\u2606PeacefulHalo|its offensive lando\n|c|\u2606goggins_aad|oh\n|inactive|PeacefulHalo has 90 seconds left.\n|\n|t:|1788283650\n|switch|p2a: Liberacy|Cinderace, M, shiny|100/100\n|turn|9\n|c|\u2606goggins_aad|sucker huh\n|\n|t:|1788283665\n|move|p2a: Liberacy|Sucker Punch||[still]\n|-fail|p2a: Liberacy\n|move|p1a: Metagross|Agility|p1a: Metagross\n|-boost|p1a: Metagross|spe|2\n|\n|upkeep\n|turn|10\n|\n|t:|1788283672\n|move|p2a: Liberacy|Sucker Punch||[still]\n|-fail|p2a: Liberacy\n|move|p1a: Metagross|Agility|p1a: Metagross\n|-boost|p1a: Metagross|spe|2\n|\n|upkeep\n|turn|11\n|c|\u2606PeacefulHalo|yea\u00b5\n|c|\u2606PeacefulHalo|*yea\n|\n|t:|1788283678\n|move|p2a: Liberacy|Sucker Punch||[still]\n|-fail|p2a: Liberacy\n|move|p1a: Metagross|Agility|p1a: Metagross\n|-boost|p1a: Metagross|spe|0\n|\n|upkeep\n|turn|12\n|\n|t:|1788283681\n|move|p2a: Liberacy|Sucker Punch|p1a: Metagross\n|-start|p2a: Liberacy|typechange|Dark|[from] ability: Libero\n|-supereffective|p1a: Metagross\n|-damage|p1a: Metagross|0 fnt\n|faint|p1a: Metagross\n|\n|upkeep\n|\n|t:|1788283686\n|switch|p1a: Ceruledge|Ceruledge, F, shiny|100/100\n|turn|13\n|inactive|PeacefulHalo has 120 seconds left.\n|c|\u2606goggins_aad|would i have survived if i teraed steel ?\n|inactive|PeacefulHalo has 90 seconds left.\n|c|\u2606PeacefulHalo|yea\n|c|\u2606PeacefulHalo|prob\n|inactive|PeacefulHalo has 60 seconds left.\n|c|\u2606goggins_aad|ah\n|\n|t:|1788283765\n|switch|p2a: Overseer|Pecharunt|66/100\n|move|p1a: Ceruledge|Bitter Blade|p2a: Overseer\n|-damage|p2a: Overseer|45/100\n|\n|upkeep\n|turn|14\n|\n|t:|1788283782\n|move|p1a: Ceruledge|Shadow Sneak|p2a: Overseer\n|-supereffective|p2a: Overseer\n|-damage|p2a: Overseer|26/100\n|move|p2a: Overseer|Shadow Ball|p1a: Ceruledge\n|-supereffective|p1a: Ceruledge\n|-damage|p1a: Ceruledge|39/100\n|\n|upkeep\n|turn|15\n|inactive|PeacefulHalo has 60 seconds left.\n|c|\u2606PeacefulHalo|what?\n|c|\u2606PeacefulHalo|why?\n|c|\u2606goggins_aad|idk\n|c|\u2606goggins_aad|im stupid\n|c|\u2606PeacefulHalo|lol\n|c|\u2606goggins_aad|forgot everything\n|\n|t:|1788283804\n|move|p1a: Ceruledge|Shadow Sneak|p2a: Overseer\n|-supereffective|p2a: Overseer\n|-damage|p2a: Overseer|6/100\n|move|p2a: Overseer|Parting Shot|p1a: Ceruledge\n|-unboost|p1a: Ceruledge|atk|1\n|-unboost|p1a: Ceruledge|spa|1\n|\n|t:|1788283815\n|switch|p2a: Calamity|Iron Valiant, shiny|100/100|[from] Parting Shot\n|\n|upkeep\n|turn|16\n|\n|t:|1788283834\n|-terastallize|p2a: Calamity|Fairy\n|move|p1a: Ceruledge|Shadow Sneak|p2a: Calamity\n|-damage|p2a: Calamity|84/100\n|move|p2a: Calamity|Moonblast|p1a: Ceruledge\n|-resisted|p1a: Ceruledge\n|-damage|p1a: Ceruledge|0 fnt\n|faint|p1a: Ceruledge\n|\n|upkeep\n|\n|t:|1788283840\n|switch|p1a: Raging Bolt|Raging Bolt|100/100\n|-enditem|p1a: Raging Bolt|Booster Energy\n|-activate|p1a: Raging Bolt|ability: Protosynthesis|[fromitem]\n|-start|p1a: Raging Bolt|protosynthesisspa\n|turn|17\n|inactive|PeacefulHalo has 30 seconds left.\n|inactive|PeacefulHalo has 20 seconds left.\n|inactive|PeacefulHalo has 15 seconds left.\n|inactive|PeacefulHalo has 10 seconds left.\n|c|\u2606goggins_aad|yo?\n|inactive|PeacefulHalo has 5 seconds left.\n|c|\u2606goggins_aad|u there?\n|\n|t:|1788283888\n|-end|p2a: Calamity|Quark Drive|[silent]\n|switch|p2a: Pisces|Alomomola, M|87/100\n|-terastallize|p1a: Raging Bolt|Fairy\n|move|p1a: Raging Bolt|Calm Mind|p1a: Raging Bolt\n|-boost|p1a: Raging Bolt|spa|1\n|-boost|p1a: Raging Bolt|spd|1\n|\n|upkeep\n|turn|18\n|inactive|PeacefulHalo has 15 seconds left this turn.\n|c|\u2606PeacefulHalo|shi didnt realise\n|inactive|PeacefulHalo has 10 seconds left.\n|\n|t:|1788283895\n|move|p1a: Raging Bolt|Thunderbolt|p2a: Pisces\n|-supereffective|p2a: Pisces\n|-damage|p2a: Pisces|0 fnt\n|faint|p2a: Pisces\n|\n|upkeep\n|inactive|PeacefulHalo has 15 seconds left this turn.\n|inactive|PeacefulHalo has 10 seconds left.\n|inactive|PeacefulHalo has 5 seconds left.\n|c|\u2606goggins_aad|yo\n|\n|t:|1788283909\n|switch|p2a: Overseer|Pecharunt|6/100\n|turn|19\n|inactive|PeacefulHalo has 15 seconds left this turn.\n|\n|t:|1788283911\n|move|p2a: Overseer|Malignant Chain|p1a: Raging Bolt\n|-supereffective|p1a: Raging Bolt\n|-damage|p1a: Raging Bolt|64/100\n|move|p1a: Raging Bolt|Thunderbolt|p2a: Overseer\n|-damage|p2a: Overseer|0 fnt\n|faint|p2a: Overseer\n|\n|upkeep\n|inactive|PeacefulHalo has 20 seconds left this turn.\n|inactive|PeacefulHalo has 15 seconds left.\n|c|\u2606goggins_aad|watch the timer\n|inactive|PeacefulHalo has 10 seconds left.\n|\n|t:|1788283926\n|switch|p2a: Liberacy|Cinderace, M, shiny|100/100\n|turn|20\n|inactive|PeacefulHalo has 20 seconds left this turn.\n|inactive|PeacefulHalo has 15 seconds left.\n|c|\u2606PeacefulHalo|yea sorry\n|c|\u2606goggins_aad|np\n|inactive|PeacefulHalo has 10 seconds left.\n|\n|t:|1788283939\n|move|p2a: Liberacy|Sucker Punch|p1a: Raging Bolt\n|-start|p2a: Liberacy|typechange|Dark|[from] ability: Libero\n|-resisted|p1a: Raging Bolt\n|-crit|p1a: Raging Bolt\n|-damage|p1a: Raging Bolt|42/100\n|move|p1a: Raging Bolt|Thunderbolt|p2a: Liberacy\n|-damage|p2a: Liberacy|0 fnt\n|faint|p2a: Liberacy\n|\n|upkeep\n|inactive|PeacefulHalo has 15 seconds left this turn.\n|inactive|PeacefulHalo has 10 seconds left.\n|\n|t:|1788283944\n|switch|p2a: Calamity|Iron Valiant, shiny, tera:Fairy|84/100\n|turn|21\n|inactive|PeacefulHalo has 20 seconds left this turn.\n|\n|t:|1788283948\n|move|p1a: Raging Bolt|Thunderclap|p2a: Calamity\n|-damage|p2a: Calamity|0 fnt\n|faint|p2a: Calamity\n|-end|p2a: Calamity|Quark Drive|[silent]\n|\n|upkeep\n|inactive|PeacefulHalo has 25 seconds left this turn.\n|\n|t:|1788283952\n|switch|p2a: Khaos|Hoopa-Unbound|100/100\n|turn|22\n|inactive|PeacefulHalo has 30 seconds left.\n|\n|t:|1788283963\n|move|p1a: Raging Bolt|Thunderclap|p2a: Khaos\n|-damage|p2a: Khaos|32/100\n|move|p2a: Khaos|Drain Punch|p1a: Raging Bolt\n|-resisted|p1a: Raging Bolt\n|-damage|p1a: Raging Bolt|21/100\n|-heal|p2a: Khaos|47/100|[from] drain|[of] p1a: Raging Bolt\n|\n|upkeep\n|turn|23\n|inactive|PeacefulHalo has 30 seconds left.\n|\n|t:|1788283970\n|move|p1a: Raging Bolt|Thunderclap|p2a: Khaos\n|-damage|p2a: Khaos|0 fnt\n|faint|p2a: Khaos\n|\n|win|goggins_aad\n|raw|goggins_aad's rating: 1438 &rarr; <strong>1462</strong><br />(+24 for winning)\n|raw|PeacefulHalo's rating: 1501 &rarr; <strong>1477</strong><br />(-24 for losing)\n|c|\u2606PeacefulHalo|gg\n|c|\u2606goggins_aad|gg\n|c|\u2606goggins_aad|ggwp\n|c|\u2606PeacefulHalo|thanks\n|c|\u2606PeacefulHalo|fumbled the endgame tho\n|c|\u2606goggins_aad|its fine\n|c|\u2606PeacefulHalo|shlve gone hoopa\n|c|\u2606goggins_aad|this thing broken asf\n|c|\u2606PeacefulHalo|yea ig\n|c|\u2606PeacefulHalo|hoopa?\n|c|\u2606PeacefulHalo|or bolt?\n|c|\u2606goggins_aad|bolt\n|c|\u2606goggins_aad|fr\n|c|\u2606PeacefulHalo|yea ik\n|c|\u2606goggins_aad|alr\n|c|\u2606goggins_aad|see ya\n|c|\u2606PeacefulHalo|specs bolt is so insane asw\n|c|\u2606goggins_aad|bye\n|c|\u2606PeacefulHalo|see ya\n|c|\u2606PeacefulHalo|bye\n|l|\u2606goggins_aad\n|player|p1|\n|l|\u2606PeacefulHalo\n|player|p2|\n|j|\u2606goggins_aad\n|player|p1|goggins_aad|265|\n|l|\u2606goggins_aad\n|player|p1|\n|j|\u2606goggins_aad\n|player|p1|goggins_aad|265|\n", "uploadtime": 1788284253, "views": "0", "formatid": "gen9ou", "rating": 1462, "private": 0, "password": null}