{"id": "gen9ou-2673865669", "format": "[Gen 9] OU", "players": ["BoiHeThicc", "AdriMen7"], "log": "|j|\u2606BoiHeThicc\n|j|\u2606AdriMen7\n|t:|1788270473\n|gametype|singles\n|player|p1|BoiHeThicc|roughneck-gen4|1368\n|player|p2|AdriMen7|cheren|1442\n|gen|9\n|tier|[Gen 9] OU\n|rated|\n|rule|HP Percentage Mod: HP is shown in percentages\n|rule|Endless Battle Clause: Forcing endless battles is banned\n|rule|Species Clause: Limit one of each Pok\u00e9mon\n|rule|OHKO Clause: OHKO moves are banned\n|rule|Evasion Items Clause: Evasion items are banned\n|rule|Evasion Moves Clause: Evasion moves are banned\n|rule|Evasion Abilities Clause: Evasion abilities are banned\n|rule|Sleep Moves Clause: Sleep-inducing moves are banned\n|clearpoke\n|poke|p1|Porygon-Z|\n|poke|p1|Great Tusk|\n|poke|p1|Moltres|\n|poke|p1|Samurott-Hisui, M|\n|poke|p1|Hatterene, F|\n|poke|p1|Kingambit, F|\n|poke|p2|Keldeo-Resolute|\n|poke|p2|Pelipper, M|\n|poke|p2|Barraskewda, F|\n|poke|p2|Raging Bolt|\n|poke|p2|Iron Treads|\n|poke|p2|Tornadus-Therian, M|\n|teampreview\n|inactive|Battle timer is ON: inactive players will automatically lose when time's up. (requested by AdriMen7)\n|c|\u2606AdriMen7|glhf\n|\n|t:|1788270481\n|teamsize|p1|6\n|teamsize|p2|6\n|start\n|switch|p1a: Porygon-Z|Porygon-Z|100/100\n|switch|p2a: PeliGOAT|Pelipper, M, shiny|100/100\n|-weather|RainDance|[from] ability: Drizzle|[of] p2a: PeliGOAT\n|turn|1\n|inactive|BoiHeThicc has 120 seconds left.\n|\n|t:|1788270523\n|switch|p2a: DUM30|Iron Treads|100/100\n|move|p1a: Porygon-Z|Tri Attack|p2a: DUM30\n|-resisted|p2a: DUM30\n|-damage|p2a: DUM30|61/100\n|-status|p2a: DUM30|par\n|-enditem|p2a: DUM30|Eject Button\n|-damage|p1a: Porygon-Z|91/100|[from] item: Life Orb\n|\n|t:|1788270548\n|-end|p2a: DUM30|Quark Drive|[silent]\n|switch|p2a: My little pony|Keldeo-Resolute|100/100\n|\n|-weather|RainDance|[upkeep]\n|upkeep\n|turn|2\n|inactive|BoiHeThicc has 120 seconds left.\n|\n|t:|1788270558\n|-terastallize|p1a: Porygon-Z|Ghost\n|move|p2a: My little pony|Secret Sword|p1a: Porygon-Z\n|-immune|p1a: Porygon-Z\n|move|p1a: Porygon-Z|Tri Attack|p2a: My little pony\n|-damage|p2a: My little pony|39/100\n|-damage|p1a: Porygon-Z|81/100|[from] item: Life Orb\n|\n|-weather|RainDance|[upkeep]\n|upkeep\n|turn|3\n|\n|t:|1788270567\n|switch|p1a: Samurott|Samurott-Hisui, M|100/100\n|move|p2a: My little pony|Surf|p1a: Samurott\n|-resisted|p1a: Samurott\n|-damage|p1a: Samurott|33/100\n|\n|-weather|RainDance|[upkeep]\n|upkeep\n|turn|4\n|\n|t:|1788270572\n|move|p1a: Samurott|Razor Shell|p2a: My little pony\n|-resisted|p2a: My little pony\n|-damage|p2a: My little pony|0 fnt\n|faint|p2a: My little pony\n|\n|-weather|RainDance|[upkeep]\n|upkeep\n|c|\u2606AdriMen7|scarf :(\n|\n|t:|1788270597\n|switch|p2a: Thor|Raging Bolt|100/100\n|turn|5\n|\n|t:|1788270606\n|switch|p1a: Great Tusk|Great Tusk|100/100\n|-enditem|p1a: Great Tusk|Booster Energy\n|-activate|p1a: Great Tusk|ability: Protosynthesis|[fromitem]\n|-start|p1a: Great Tusk|protosynthesisatk\n|move|p2a: Thor|Thunder|p1a: Great Tusk\n|-immune|p1a: Great Tusk\n|\n|-weather|RainDance|[upkeep]\n|upkeep\n|turn|6\n|\n|t:|1788270620\n|move|p1a: Great Tusk|Rapid Spin|p2a: Thor\n|-damage|p2a: Thor|81/100\n|-boost|p1a: Great Tusk|spe|1\n|move|p2a: Thor|Weather Ball|p1a: Great Tusk\n|-supereffective|p1a: Great Tusk\n|-damage|p1a: Great Tusk|0 fnt\n|faint|p1a: Great Tusk\n|-end|p1a: Great Tusk|Protosynthesis|[silent]\n|\n|-weather|RainDance|[upkeep]\n|upkeep\n|\n|t:|1788270633\n|switch|p1a: Hatterene|Hatterene, F|100/100\n|turn|7\n|\n|t:|1788270636\n|move|p2a: Thor|Thunder|p1a: Hatterene\n|-damage|p1a: Hatterene|34/100\n|move|p1a: Hatterene|Draining Kiss|p2a: Thor\n|-supereffective|p2a: Thor\n|-damage|p2a: Thor|40/100\n|-heal|p1a: Hatterene|73/100|[from] drain|[of] p2a: Thor\n|\n|-weather|RainDance|[upkeep]\n|-heal|p1a: Hatterene|79/100|[from] item: Leftovers\n|upkeep\n|turn|8\n|\n|t:|1788270644\n|move|p2a: Thor|Thunder|p1a: Hatterene\n|-crit|p1a: Hatterene\n|-damage|p1a: Hatterene|0 fnt\n|faint|p1a: Hatterene\n|\n|-weather|none\n|upkeep\n|c|\u2606AdriMen7|damn\n|\n|t:|1788270656\n|switch|p1a: Porygon-Z|Porygon-Z, tera:Ghost|81/100\n|turn|9\n|\n|t:|1788270661\n|move|p2a: Thor|Thunderclap|p1a: Porygon-Z\n|-damage|p1a: Porygon-Z|27/100\n|move|p1a: Porygon-Z|Ice Beam|p2a: Thor\n|-supereffective|p2a: Thor\n|-damage|p2a: Thor|0 fnt\n|faint|p2a: Thor\n|-end|p2a: Thor|Protosynthesis|[silent]\n|-damage|p1a: Porygon-Z|17/100|[from] item: Life Orb\n|\n|upkeep\n|\n|t:|1788270671\n|switch|p2a: PeliGOAT|Pelipper, M, shiny|100/100\n|-weather|RainDance|[from] ability: Drizzle|[of] p2a: PeliGOAT\n|turn|10\n|\n|t:|1788270676\n|switch|p2a: DUM30|Iron Treads|61/100 par\n|move|p1a: Porygon-Z|Tri Attack|p2a: DUM30\n|-resisted|p2a: DUM30\n|-damage|p2a: DUM30|31/100 par\n|-damage|p1a: Porygon-Z|7/100|[from] item: Life Orb\n|\n|-weather|RainDance|[upkeep]\n|upkeep\n|turn|11\n|\n|t:|1788270682\n|move|p1a: Porygon-Z|Shadow Ball|p2a: DUM30\n|-damage|p2a: DUM30|0 fnt\n|faint|p2a: DUM30\n|-end|p2a: DUM30|Quark Drive|[silent]\n|-damage|p1a: Porygon-Z|0 fnt|[from] item: Life Orb\n|faint|p1a: Porygon-Z\n|\n|-weather|RainDance|[upkeep]\n|upkeep\n|\n|t:|1788270689\n|switch|p2a: Birb|Tornadus-Therian, M, shiny|100/100\n|switch|p1a: Kingambit|Kingambit, F|100/100\n|-activate|p1a: Kingambit|ability: Supreme Overlord\n|-start|p1a: Kingambit|fallen3|[silent]\n|turn|12\n|\n|t:|1788270694\n|-end|p1a: Kingambit|fallen3|[silent]\n|switch|p1a: Moltres|Moltres|100/100\n|move|p2a: Birb|Hammer Arm|p1a: Moltres\n|-resisted|p1a: Moltres\n|-damage|p1a: Moltres|90/100\n|-unboost|p2a: Birb|spe|1\n|-damage|p2a: Birb|91/100|[from] item: Life Orb\n|\n|-weather|RainDance|[upkeep]\n|upkeep\n|turn|13\n|\n|t:|1788270701\n|move|p2a: Birb|Weather Ball|p1a: Moltres\n|-supereffective|p1a: Moltres\n|-damage|p1a: Moltres|0 fnt\n|faint|p1a: Moltres\n|-damage|p2a: Birb|81/100|[from] item: Life Orb\n|\n|-weather|RainDance|[upkeep]\n|upkeep\n|\n|t:|1788270704\n|switch|p1a: Samurott|Samurott-Hisui, M|33/100\n|turn|14\n|\n|t:|1788270712\n|move|p1a: Samurott|Razor Shell|p2a: Birb\n|-damage|p2a: Birb|0 fnt\n|faint|p2a: Birb\n|\n|-weather|RainDance|[upkeep]\n|upkeep\n|\n|t:|1788270715\n|switch|p2a: Fihssile|Barraskewda, F, shiny|100/100\n|turn|15\n|\n|t:|1788270720\n|move|p2a: Fihssile|Flip Turn|p1a: Samurott\n|-resisted|p1a: Samurott\n|-damage|p1a: Samurott|0 fnt\n|faint|p1a: Samurott\n|-damage|p2a: Fihssile|91/100|[from] item: Life Orb\n|\n|t:|1788270722\n|switch|p2a: PeliGOAT|Pelipper, M, shiny|100/100|[from] Flip Turn\n|\n|-weather|RainDance|[upkeep]\n|upkeep\n|\n|t:|1788270726\n|switch|p1a: Kingambit|Kingambit, F|100/100\n|-activate|p1a: Kingambit|ability: Supreme Overlord\n|-start|p1a: Kingambit|fallen5|[silent]\n|turn|16\n|\n|t:|1788270732\n|move|p1a: Kingambit|Swords Dance|p1a: Kingambit\n|-boost|p1a: Kingambit|atk|2\n|move|p2a: PeliGOAT|Surf|p1a: Kingambit\n|-damage|p1a: Kingambit|57/100\n|\n|-weather|RainDance|[upkeep]\n|upkeep\n|turn|17\n|\n|t:|1788270750\n|move|p1a: Kingambit|Sucker Punch|p2a: PeliGOAT\n|-damage|p2a: PeliGOAT|0 fnt\n|faint|p2a: PeliGOAT\n|-damage|p1a: Kingambit|47/100|[from] item: Life Orb\n|\n|-weather|none\n|upkeep\n|\n|t:|1788270752\n|switch|p2a: Fihssile|Barraskewda, F, shiny|91/100\n|turn|18\n|\n|t:|1788270763\n|-terastallize|p2a: Fihssile|Fighting\n|move|p2a: Fihssile|Aqua Jet|p1a: Kingambit\n|-damage|p1a: Kingambit|27/100\n|-damage|p2a: Fihssile|81/100|[from] item: Life Orb\n|move|p1a: Kingambit|Sucker Punch||[still]\n|-fail|p1a: Kingambit\n|\n|upkeep\n|turn|19\n|\n|t:|1788270767\n|move|p2a: Fihssile|Aqua Jet|p1a: Kingambit\n|-damage|p1a: Kingambit|5/100\n|-damage|p2a: Fihssile|71/100|[from] item: Life Orb\n|move|p1a: Kingambit|Iron Head|p2a: Fihssile\n|-damage|p2a: Fihssile|0 fnt\n|faint|p2a: Fihssile\n|-damage|p1a: Kingambit|0 fnt|[from] item: Life Orb\n|faint|p1a: Kingambit\n|-end|p1a: Kingambit|fallen5|[silent]\n|\n|win|BoiHeThicc\n|raw|BoiHeThicc's rating: 1368 &rarr; <strong>1392</strong><br />(+24 for winning)\n|raw|AdriMen7's rating: 1442 &rarr; <strong>1418</strong><br />(-24 for losing)\n|l|\u2606BoiHeThicc\n|player|p1|\n|c|\u2606AdriMen7|gg\n|l|\u2606AdriMen7\n|player|p2|\n", "uploadtime": 1788270940, "views": "2", "formatid": "gen9ou", "rating": 1392, "private": 0, "password": null}