{"id": "gen9ou-2674058871", "format": "[Gen 9] OU", "players": ["Infernape369", "grinchalis"], "log": "|j|\u2606Infernape369\n|j|\u2606grinchalis\n|t:|1788293677\n|gametype|singles\n|player|p1|Infernape369|ingo|1384\n|player|p2|grinchalis|2|1395\n|gen|9\n|tier|[Gen 9] OU\n|rated|\n|rule|HP Percentage Mod: HP is shown in percentages\n|rule|Endless Battle Clause: Forcing endless battles is banned\n|rule|Species Clause: Limit one of each Pok\u00e9mon\n|rule|OHKO Clause: OHKO moves are banned\n|rule|Evasion Items Clause: Evasion items are banned\n|rule|Evasion Moves Clause: Evasion moves are banned\n|rule|Evasion Abilities Clause: Evasion abilities are banned\n|rule|Sleep Moves Clause: Sleep-inducing moves are banned\n|clearpoke\n|poke|p1|Ogerpon-Wellspring, F|\n|poke|p1|Iron Valiant|\n|poke|p1|Samurott-Hisui, M|\n|poke|p1|Great Tusk|\n|poke|p1|Slowking-Galar, F|\n|poke|p1|Kyurem|\n|poke|p2|Great Tusk|\n|poke|p2|Raging Bolt|\n|poke|p2|Ogerpon, F|\n|poke|p2|Iron Valiant|\n|poke|p2|Ting-Lu|\n|poke|p2|Samurott-Hisui, F|\n|teampreview\n|inactive|Battle timer is ON: inactive players will automatically lose when time's up. (requested by grinchalis)\n|\n|t:|1788293720\n|teamsize|p1|6\n|teamsize|p2|6\n|start\n|switch|p1a: Kyurem|Kyurem|100/100\n|switch|p2a: Samurott|Samurott-Hisui, F|100/100\n|-ability|p1a: Kyurem|Pressure\n|turn|1\n|\n|t:|1788293724\n|move|p1a: Kyurem|Freeze-Dry|p2a: Samurott\n|-supereffective|p2a: Samurott\n|-enditem|p2a: Samurott|Focus Sash\n|-damage|p2a: Samurott|1/100\n|-status|p2a: Samurott|frz\n|-curestatus|p2a: Samurott|frz|[msg]\n|move|p2a: Samurott|Ceaseless Edge|p1a: Kyurem\n|-damage|p1a: Kyurem|61/100\n|-sidestart|p1: Infernape369|Spikes\n|\n|upkeep\n|turn|2\n|\n|t:|1788293736\n|move|p2a: Samurott|Aqua Jet|p1a: Kyurem\n|-resisted|p1a: Kyurem\n|-damage|p1a: Kyurem|52/100\n|move|p1a: Kyurem|Freeze-Dry|p2a: Samurott\n|-supereffective|p2a: Samurott\n|-damage|p2a: Samurott|0 fnt\n|faint|p2a: Samurott\n|\n|upkeep\n|\n|t:|1788293741\n|switch|p2a: Iron Valiant|Iron Valiant|100/100\n|-enditem|p2a: Iron Valiant|Booster Energy\n|-activate|p2a: Iron Valiant|ability: Quark Drive|[fromitem]\n|-start|p2a: Iron Valiant|quarkdrivespe\n|turn|3\n|\n|t:|1788293747\n|switch|p1a: Slowking|Slowking-Galar, F|100/100\n|move|p2a: Iron Valiant|Moonblast|p1a: Slowking\n|-resisted|p1a: Slowking\n|-damage|p1a: Slowking|86/100\n|-unboost|p1a: Slowking|spa|1\n|\n|upkeep\n|turn|4\n|\n|t:|1788293756\n|move|p2a: Iron Valiant|Substitute|p2a: Iron Valiant\n|-start|p2a: Iron Valiant|Substitute\n|-damage|p2a: Iron Valiant|76/100\n|-prepare|p1a: Slowking|Chilly Reception|[premajor]\n|move|p1a: Slowking|Chilly Reception|p1a: Slowking\n|-weather|Snowscape\n|\n|t:|1788293785\n|switch|p1a: Samurott|Samurott-Hisui, M|100/100|[from] Chilly Reception\n|-damage|p1a: Samurott|88/100|[from] Spikes\n|\n|-weather|Snowscape|[upkeep]\n|upkeep\n|turn|5\n|\n|t:|1788293790\n|switch|p1a: Slowking|Slowking-Galar, F|100/100\n|move|p2a: Iron Valiant|Moonblast|p1a: Slowking\n|-resisted|p1a: Slowking\n|-damage|p1a: Slowking|88/100\n|\n|-weather|Snowscape|[upkeep]\n|upkeep\n|turn|6\n|\n|t:|1788293795\n|move|p2a: Iron Valiant|Psyshock|p1a: Slowking\n|-damage|p1a: Slowking|61/100\n|move|p1a: Slowking|Psychic Noise|p2a: Iron Valiant\n|-supereffective|p2a: Iron Valiant\n|-damage|p2a: Iron Valiant|0 fnt\n|faint|p2a: Iron Valiant\n|-end|p2a: Iron Valiant|Quark Drive|[silent]\n|\n|-weather|Snowscape|[upkeep]\n|upkeep\n|\n|t:|1788293806\n|switch|p2a: Great Tusk|Great Tusk|100/100\n|turn|7\n|\n|t:|1788293819\n|switch|p1a: Great Tusk|Great Tusk|100/100\n|-damage|p1a: Great Tusk|88/100|[from] Spikes\n|move|p2a: Great Tusk|Headlong Rush|p1a: Great Tusk\n|-damage|p1a: Great Tusk|51/100\n|-unboost|p2a: Great Tusk|def|1\n|-unboost|p2a: Great Tusk|spd|1\n|-damage|p2a: Great Tusk|84/100|[from] item: Rocky Helmet|[of] p1a: Great Tusk\n|\n|-weather|Snowscape|[upkeep]\n|upkeep\n|turn|8\n|\n|t:|1788293839\n|-end|p2a: Great Tusk|Protosynthesis|[silent]\n|switch|p2a: Ogerpon|Ogerpon, F|100/100\n|move|p1a: Great Tusk|Rapid Spin|p2a: Ogerpon\n|-damage|p2a: Ogerpon|81/100\n|-boost|p1a: Great Tusk|spe|1\n|-sideend|p1: Infernape369|Spikes|[from] move: Rapid Spin|[of] p1a: Great Tusk\n|\n|-weather|none\n|upkeep\n|turn|9\n|inactive|Infernape369 has 120 seconds left.\n|inactive|Infernape369 has 90 seconds left.\n|\n|t:|1788293921\n|move|p1a: Great Tusk|Ice Spinner|p2a: Ogerpon\n|-supereffective|p2a: Ogerpon\n|-damage|p2a: Ogerpon|20/100\n|move|p2a: Ogerpon|Ivy Cudgel|p1a: Great Tusk\n|-supereffective|p1a: Great Tusk\n|-damage|p1a: Great Tusk|0 fnt\n|faint|p1a: Great Tusk\n|-end|p1a: Great Tusk|Protosynthesis|[silent]\n|\n|upkeep\n|inactive|Infernape369 has 60 seconds left.\n|\n|t:|1788293937\n|switch|p1a: Iron Valiant|Iron Valiant|100/100\n|-enditem|p1a: Iron Valiant|Booster Energy\n|-activate|p1a: Iron Valiant|ability: Quark Drive|[fromitem]\n|-start|p1a: Iron Valiant|quarkdrivespe\n|turn|10\n|\n|t:|1788293943\n|switch|p2a: Ting-Lu|Ting-Lu|100/100\n|-ability|p2a: Ting-Lu|Vessel of Ruin\n|move|p1a: Iron Valiant|Moonblast|p2a: Ting-Lu\n|-supereffective|p2a: Ting-Lu\n|-damage|p2a: Ting-Lu|62/100\n|\n|-heal|p2a: Ting-Lu|68/100|[from] item: Leftovers\n|upkeep\n|turn|11\n|\n|t:|1788293950\n|-terastallize|p2a: Ting-Lu|Water\n|move|p1a: Iron Valiant|Close Combat|p2a: Ting-Lu\n|-damage|p2a: Ting-Lu|38/100\n|-unboost|p1a: Iron Valiant|def|1\n|-unboost|p1a: Iron Valiant|spd|1\n|move|p2a: Ting-Lu|Stealth Rock|p1a: Iron Valiant\n|-sidestart|p1: Infernape369|move: Stealth Rock\n|\n|-heal|p2a: Ting-Lu|45/100|[from] item: Leftovers\n|upkeep\n|turn|12\n|\n|t:|1788293959\n|move|p1a: Iron Valiant|Encore|p2a: Ting-Lu\n|-start|p2a: Ting-Lu|Encore\n|move|p2a: Ting-Lu|Stealth Rock||[still]\n|-fail|p2a: Ting-Lu\n|\n|-heal|p2a: Ting-Lu|51/100|[from] item: Leftovers\n|upkeep\n|turn|13\n|\n|t:|1788293976\n|switch|p2a: Ogerpon|Ogerpon, F|20/100\n|move|p1a: Iron Valiant|Close Combat|p2a: Ogerpon\n|-damage|p2a: Ogerpon|0 fnt\n|-unboost|p1a: Iron Valiant|def|1\n|-unboost|p1a: Iron Valiant|spd|1\n|faint|p2a: Ogerpon\n|\n|upkeep\n|\n|t:|1788293979\n|switch|p2a: Raging Bolt|Raging Bolt|100/100\n|-enditem|p2a: Raging Bolt|Booster Energy\n|-activate|p2a: Raging Bolt|ability: Protosynthesis|[fromitem]\n|-start|p2a: Raging Bolt|protosynthesisspa\n|turn|14\n|\n|t:|1788294000\n|move|p1a: Iron Valiant|Moonblast|p2a: Raging Bolt\n|-supereffective|p2a: Raging Bolt\n|-damage|p2a: Raging Bolt|16/100\n|-unboost|p2a: Raging Bolt|spa|1\n|move|p2a: Raging Bolt|Thunderbolt|p1a: Iron Valiant\n|-damage|p1a: Iron Valiant|0 fnt\n|faint|p1a: Iron Valiant\n|-end|p1a: Iron Valiant|Quark Drive|[silent]\n|\n|upkeep\n|\n|t:|1788294010\n|switch|p1a: Slowking|Slowking-Galar, F|94/100\n|turn|15\n|\n|t:|1788294015\n|move|p2a: Raging Bolt|Volt Switch|p1a: Slowking\n|-damage|p1a: Slowking|73/100\n|\n|t:|1788294019\n|-end|p2a: Raging Bolt|Protosynthesis|[silent]\n|switch|p2a: Ting-Lu|Ting-Lu, tera:Water|51/100|[from] Volt Switch\n|-ability|p2a: Ting-Lu|Vessel of Ruin\n|move|p1a: Slowking|Sludge Bomb|p2a: Ting-Lu\n|-damage|p2a: Ting-Lu|36/100\n|-status|p2a: Ting-Lu|psn\n|\n|-heal|p2a: Ting-Lu|43/100 psn|[from] item: Leftovers\n|-damage|p2a: Ting-Lu|30/100 psn|[from] psn\n|upkeep\n|turn|16\n|inactive|Infernape369 has 90 seconds left.\n|\n|t:|1788294028\n|switch|p1a: Ogerpon|Ogerpon-Wellspring, F|100/100\n|-damage|p1a: Ogerpon|88/100|[from] Stealth Rock\n|move|p2a: Ting-Lu|Earthquake|p1a: Ogerpon\n|-resisted|p1a: Ogerpon\n|-damage|p1a: Ogerpon|65/100\n|\n|-heal|p2a: Ting-Lu|36/100 psn|[from] item: Leftovers\n|-damage|p2a: Ting-Lu|24/100 psn|[from] psn\n|upkeep\n|turn|17\n|inactive|Infernape369 has 90 seconds left.\n|\n|t:|1788294044\n|move|p1a: Ogerpon|Trailblaze|p2a: Ting-Lu\n|-supereffective|p2a: Ting-Lu\n|-damage|p2a: Ting-Lu|0 fnt\n|-boost|p1a: Ogerpon|spe|1\n|faint|p2a: Ting-Lu\n|\n|upkeep\n|\n|t:|1788294048\n|switch|p2a: Great Tusk|Great Tusk|84/100\n|turn|18\n|inactive|Infernape369 has 90 seconds left.\n|-message|grinchalis forfeited.\n|\n|win|Infernape369\n|raw|Infernape369's rating: 1384 &rarr; <strong>1405</strong><br />(+21 for winning)\n|raw|grinchalis's rating: 1395 &rarr; <strong>1374</strong><br />(-21 for losing)\n|l|\u2606grinchalis\n|player|p2|\n", "uploadtime": 1788294089, "views": "0", "formatid": "gen9ou", "rating": 1374, "private": 0, "password": null}