{"id": "gen9ou-2673917780", "format": "[Gen 9] OU", "players": ["marvelous scales", "Rcheez"], "log": "|j|\u2606marvelous scales\n|j|\u2606Rcheez\n|t:|1788276941\n|gametype|singles\n|player|p1|marvelous scales|2|1436\n|player|p2|Rcheez|blue-masters2|1477\n|gen|9\n|tier|[Gen 9] OU\n|rated|\n|rule|HP Percentage Mod: HP is shown in percentages\n|rule|Endless Battle Clause: Forcing endless battles is banned\n|rule|Species Clause: Limit one of each Pok\u00e9mon\n|rule|OHKO Clause: OHKO moves are banned\n|rule|Evasion Items Clause: Evasion items are banned\n|rule|Evasion Moves Clause: Evasion moves are banned\n|rule|Evasion Abilities Clause: Evasion abilities are banned\n|rule|Sleep Moves Clause: Sleep-inducing moves are banned\n|clearpoke\n|poke|p1|Alomomola, M|\n|poke|p1|Weezing-Galar, M|\n|poke|p1|Gliscor, M|\n|poke|p1|Gholdengo|\n|poke|p1|Dragapult, M|\n|poke|p1|Samurott-Hisui, M|\n|poke|p2|Raging Bolt|\n|poke|p2|Landorus-Therian, M|\n|poke|p2|Pecharunt|\n|poke|p2|Hatterene, F|\n|poke|p2|Darkrai|\n|poke|p2|Iron Valiant|\n|teampreview\n|j| TeamJodio\n|\n|t:|1788276957\n|teamsize|p1|6\n|teamsize|p2|6\n|start\n|switch|p1a: Samurott|Samurott-Hisui, M|100/100\n|switch|p2a: Raging Bolt|Raging Bolt|100/100\n|-enditem|p2a: Raging Bolt|Booster Energy\n|-activate|p2a: Raging Bolt|ability: Protosynthesis|[fromitem]\n|-start|p2a: Raging Bolt|protosynthesisspa\n|turn|1\n|\n|t:|1788276964\n|move|p2a: Raging Bolt|Thunderclap|p1a: Samurott\n|-supereffective|p1a: Samurott\n|-damage|p1a: Samurott|19/100\n|move|p1a: Samurott|Ceaseless Edge|p2a: Raging Bolt\n|-crit|p2a: Raging Bolt\n|-damage|p2a: Raging Bolt|40/100\n|-sidestart|p2: Rcheez|Spikes\n|\n|upkeep\n|turn|2\n|\n|t:|1788276979\n|move|p2a: Raging Bolt|Thunderclap|p1a: Samurott\n|-supereffective|p1a: Samurott\n|-damage|p1a: Samurott|0 fnt\n|faint|p1a: Samurott\n|\n|upkeep\n|\n|t:|1788276983\n|switch|p1a: Gliscor|Gliscor, M|100/100\n|turn|3\n|\n|t:|1788276992\n|move|p2a: Raging Bolt|Draco Meteor|p1a: Gliscor\n|-damage|p1a: Gliscor|18/100\n|-unboost|p2a: Raging Bolt|spa|2\n|move|p1a: Gliscor|Earthquake|p2a: Raging Bolt\n|-supereffective|p2a: Raging Bolt\n|-damage|p2a: Raging Bolt|0 fnt\n|faint|p2a: Raging Bolt\n|-end|p2a: Raging Bolt|Protosynthesis|[silent]\n|\n|-status|p1a: Gliscor|tox|[from] item: Toxic Orb\n|upkeep\n|\n|t:|1788277020\n|switch|p2a: Darkrai|Darkrai|100/100\n|turn|4\n|\n|t:|1788277030\n|move|p2a: Darkrai|Nasty Plot|p2a: Darkrai\n|-boost|p2a: Darkrai|spa|2\n|move|p1a: Gliscor|Toxic|p2a: Darkrai\n|-status|p2a: Darkrai|tox\n|\n|-damage|p2a: Darkrai|94/100 tox|[from] psn\n|-heal|p1a: Gliscor|30/100 tox|[from] ability: Poison Heal\n|upkeep\n|turn|5\n|\n|t:|1788277040\n|move|p1a: Gliscor|Protect|p1a: Gliscor\n|-singleturn|p1a: Gliscor|Protect\n|move|p2a: Darkrai|Nasty Plot|p2a: Darkrai\n|-boost|p2a: Darkrai|spa|2\n|\n|-damage|p2a: Darkrai|82/100 tox|[from] psn\n|-heal|p1a: Gliscor|43/100 tox|[from] ability: Poison Heal\n|upkeep\n|turn|6\n|\n|t:|1788277044\n|move|p1a: Gliscor|Protect||[still]\n|-fail|p1a: Gliscor\n|move|p2a: Darkrai|Dark Pulse|p1a: Gliscor\n|-damage|p1a: Gliscor|0 fnt\n|faint|p1a: Gliscor\n|\n|-damage|p2a: Darkrai|64/100 tox|[from] psn\n|upkeep\n|\n|t:|1788277049\n|switch|p1a: Dragapult|Dragapult, M|100/100\n|turn|7\n|\n|t:|1788277052\n|switch|p2a: Hatterene|Hatterene, F|100/100\n|-damage|p2a: Hatterene|88/100|[from] Spikes\n|move|p1a: Dragapult|Substitute|p1a: Dragapult\n|-start|p1a: Dragapult|Substitute\n|-damage|p1a: Dragapult|76/100\n|\n|-heal|p1a: Dragapult|82/100|[from] item: Leftovers\n|upkeep\n|turn|8\n|\n|t:|1788277058\n|move|p1a: Dragapult|Hex|p2a: Hatterene\n|-supereffective|p2a: Hatterene\n|-damage|p2a: Hatterene|52/100\n|move|p2a: Hatterene|Draining Kiss|p1a: Dragapult\n|-supereffective|p1a: Dragapult\n|-end|p1a: Dragapult|Substitute\n|-heal|p2a: Hatterene|71/100|[from] drain|[of] p1a: Dragapult\n|\n|-heal|p1a: Dragapult|88/100|[from] item: Leftovers\n|upkeep\n|turn|9\n|\n|t:|1788277065\n|move|p1a: Dragapult|Disable|p2a: Hatterene\n|move|p2a: Hatterene|Disable|p1a: Dragapult|[from] ability: Magic Bounce\n|-start|p1a: Dragapult|Disable|Disable\n|move|p2a: Hatterene|Draining Kiss|p1a: Dragapult\n|-supereffective|p1a: Dragapult\n|-damage|p1a: Dragapult|15/100\n|-heal|p2a: Hatterene|100/100|[from] drain|[of] p1a: Dragapult\n|\n|-heal|p1a: Dragapult|21/100|[from] item: Leftovers\n|upkeep\n|turn|10\n|\n|t:|1788277086\n|switch|p1a: Weezing|Weezing-Galar, M|100/100\n|-ability|p1a: Weezing|Neutralizing Gas\n|move|p2a: Hatterene|Psychic Noise|p1a: Weezing\n|-supereffective|p1a: Weezing\n|-crit|p1a: Weezing\n|-damage|p1a: Weezing|0 fnt\n|faint|p1a: Weezing\n|-end|p1a: Weezing|ability: Neutralizing Gas\n|\n|upkeep\n|\n|t:|1788277089\n|switch|p1a: Gholdengo|Gholdengo|100/100\n|-item|p1a: Gholdengo|Air Balloon\n|turn|11\n|\n|t:|1788277104\n|-terastallize|p2a: Hatterene|Water\n|move|p1a: Gholdengo|Nasty Plot|p1a: Gholdengo\n|-boost|p1a: Gholdengo|spa|2\n|move|p2a: Hatterene|Nuzzle|p1a: Gholdengo\n|-damage|p1a: Gholdengo|98/100\n|-status|p1a: Gholdengo|par\n|-enditem|p1a: Gholdengo|Air Balloon\n|\n|upkeep\n|turn|12\n|\n|t:|1788277108\n|cant|p1a: Gholdengo|par\n|move|p2a: Hatterene|Mystical Fire|p1a: Gholdengo\n|-supereffective|p1a: Gholdengo\n|-damage|p1a: Gholdengo|48/100 par\n|-unboost|p1a: Gholdengo|spa|1\n|\n|upkeep\n|turn|13\n|\n|t:|1788277111\n|move|p1a: Gholdengo|Recover|p1a: Gholdengo\n|-heal|p1a: Gholdengo|98/100 par\n|move|p2a: Hatterene|Mystical Fire|p1a: Gholdengo\n|-supereffective|p1a: Gholdengo\n|-damage|p1a: Gholdengo|45/100 par\n|-unboost|p1a: Gholdengo|spa|1\n|\n|upkeep\n|turn|14\n|\n|t:|1788277120\n|switch|p1a: Alomomola|Alomomola, M|100/100\n|move|p2a: Hatterene|Mystical Fire|p1a: Alomomola\n|-resisted|p1a: Alomomola\n|-damage|p1a: Alomomola|90/100\n|-unboost|p1a: Alomomola|spa|1\n|\n|upkeep\n|turn|15\n|\n|t:|1788277127\n|move|p1a: Alomomola|Wish|p1a: Alomomola\n|move|p2a: Hatterene|Nuzzle|p1a: Alomomola\n|-supereffective|p1a: Alomomola\n|-damage|p1a: Alomomola|85/100\n|-status|p1a: Alomomola|par\n|\n|upkeep\n|turn|16\n|\n|t:|1788277130\n|move|p2a: Hatterene|Psychic Noise|p1a: Alomomola\n|-damage|p1a: Alomomola|53/100 par\n|-start|p1a: Alomomola|move: Heal Block\n|move|p1a: Alomomola|Flip Turn|p2a: Hatterene\n|-resisted|p2a: Hatterene\n|-damage|p2a: Hatterene|91/100\n|\n|t:|1788277138\n|switch|p1a: Dragapult|Dragapult, M|21/100|[from] Flip Turn\n|\n|-heal|p1a: Dragapult|95/100|[from] move: Wish|[wisher] Alomomola\n|-heal|p1a: Dragapult|100/100|[from] item: Leftovers\n|upkeep\n|turn|17\n|\n|t:|1788277150\n|switch|p1a: Alomomola|Alomomola, M|86/100 par\n|move|p2a: Hatterene|Draining Kiss|p1a: Alomomola\n|-damage|p1a: Alomomola|64/100 par\n|-heal|p2a: Hatterene|100/100|[from] drain|[of] p1a: Alomomola\n|\n|upkeep\n|turn|18\n|\n|t:|1788277155\n|move|p2a: Hatterene|Psychic Noise|p1a: Alomomola\n|-damage|p1a: Alomomola|31/100 par\n|-start|p1a: Alomomola|move: Heal Block\n|move|p1a: Alomomola|Scald|p2a: Hatterene\n|-resisted|p2a: Hatterene\n|-damage|p2a: Hatterene|96/100\n|\n|upkeep\n|turn|19\n|\n|t:|1788277163\n|move|p1a: Alomomola|Protect|p1a: Alomomola\n|-singleturn|p1a: Alomomola|Protect\n|move|p2a: Hatterene|Psychic Noise|p1a: Alomomola\n|-activate|p1a: Alomomola|move: Protect\n|\n|-end|p1a: Alomomola|move: Heal Block\n|upkeep\n|turn|20\n|\n|t:|1788277169\n|move|p2a: Hatterene|Psychic Noise|p1a: Alomomola\n|-damage|p1a: Alomomola|0 fnt\n|faint|p1a: Alomomola\n|\n|upkeep\n|\n|t:|1788277172\n|switch|p1a: Gholdengo|Gholdengo|45/100 par\n|turn|21\n|\n|t:|1788277178\n|-terastallize|p1a: Gholdengo|Fairy\n|move|p1a: Gholdengo|Recover|p1a: Gholdengo\n|-heal|p1a: Gholdengo|95/100 par\n|move|p2a: Hatterene|Mystical Fire|p1a: Gholdengo\n|-damage|p1a: Gholdengo|67/100 par\n|-unboost|p1a: Gholdengo|spa|1\n|\n|upkeep\n|turn|22\n|\n|t:|1788277183\n|move|p1a: Gholdengo|Nasty Plot|p1a: Gholdengo\n|-boost|p1a: Gholdengo|spa|2\n|move|p2a: Hatterene|Psychic Noise|p1a: Gholdengo\n|-damage|p1a: Gholdengo|30/100 par\n|-start|p1a: Gholdengo|move: Heal Block\n|\n|upkeep\n|turn|23\n|\n|t:|1788277186\n|move|p1a: Gholdengo|Shadow Ball|p2a: Hatterene\n|-damage|p2a: Hatterene|63/100\n|move|p2a: Hatterene|Psychic Noise|p1a: Gholdengo\n|-damage|p1a: Gholdengo|0 fnt\n|faint|p1a: Gholdengo\n|\n|upkeep\n|\n|t:|1788277189\n|switch|p1a: Dragapult|Dragapult, M|100/100\n|turn|24\n|\n|t:|1788277191\n|move|p1a: Dragapult|Hex|p2a: Hatterene\n|-damage|p2a: Hatterene|45/100\n|move|p2a: Hatterene|Draining Kiss|p1a: Dragapult\n|-supereffective|p1a: Dragapult\n|-crit|p1a: Dragapult\n|-damage|p1a: Dragapult|0 fnt\n|-heal|p2a: Hatterene|100/100|[from] drain|[of] p1a: Dragapult\n|faint|p1a: Dragapult\n|\n|win|Rcheez\n|raw|marvelous scales's rating: 1436 &rarr; <strong>1418</strong><br />(-18 for losing)\n|raw|Rcheez's rating: 1477 &rarr; <strong>1495</strong><br />(+18 for winning)\n|l|\u2606marvelous scales\n|player|p1|\n|l| TeamJodio\n", "uploadtime": 1788277201, "views": "2", "formatid": "gen9ou", "rating": 1418, "private": 0, "password": null}