{"id": "gen9ou-2674029016", "format": "[Gen 9] OU", "players": ["escpd", "Khinelalala"], "log": "|j|\u2606escpd\n|j|\u2606Khinelalala\n|t:|1788290089\n|gametype|singles\n|player|p1|escpd|1|1548\n|player|p2|Khinelalala|102|1568\n|gen|9\n|tier|[Gen 9] OU\n|rated|\n|rule|HP Percentage Mod: HP is shown in percentages\n|rule|Endless Battle Clause: Forcing endless battles is banned\n|rule|Species Clause: Limit one of each Pok\u00e9mon\n|rule|OHKO Clause: OHKO moves are banned\n|rule|Evasion Items Clause: Evasion items are banned\n|rule|Evasion Moves Clause: Evasion moves are banned\n|rule|Evasion Abilities Clause: Evasion abilities are banned\n|rule|Sleep Moves Clause: Sleep-inducing moves are banned\n|clearpoke\n|poke|p1|Dragonite, F|\n|poke|p1|Great Tusk|\n|poke|p1|Dondozo, F|\n|poke|p1|Glimmora, F|\n|poke|p1|Gholdengo|\n|poke|p1|Hoopa-Unbound|\n|poke|p2|Torkoal, F|\n|poke|p2|Walking Wake|\n|poke|p2|Venusaur, M|\n|poke|p2|Slither Wing|\n|poke|p2|Great Tusk|\n|poke|p2|Hatterene, F|\n|teampreview\n|inactive|Battle timer is ON: inactive players will automatically lose when time's up. (requested by Khinelalala)\n|\n|t:|1788290114\n|teamsize|p1|6\n|teamsize|p2|6\n|start\n|switch|p1a: Hoopa|Hoopa-Unbound|100/100\n|switch|p2a: Walking Wake|Walking Wake|100/100\n|turn|1\n|\n|t:|1788290130\n|-end|p2a: Walking Wake|Protosynthesis|[silent]\n|switch|p2a: Hatterene|Hatterene, F|100/100\n|move|p1a: Hoopa|Psychic|p2a: Hatterene\n|-resisted|p2a: Hatterene\n|-damage|p2a: Hatterene|79/100\n|-enditem|p2a: Hatterene|Eject Button\n|\n|t:|1788290133\n|switch|p2a: Slither Wing|Slither Wing|100/100\n|\n|upkeep\n|turn|2\n|\n|t:|1788290150\n|switch|p1a: Glimmora|Glimmora, F|100/100\n|move|p2a: Slither Wing|U-turn|p1a: Glimmora\n|-resisted|p1a: Glimmora\n|-damage|p1a: Glimmora|79/100\n|-damage|p2a: Slither Wing|84/100|[from] item: Rocky Helmet|[of] p1a: Glimmora\n|-activate|p1a: Glimmora|ability: Toxic Debris\n|-sidestart|p2: Khinelalala|move: Toxic Spikes\n|\n|t:|1788290161\n|-end|p2a: Slither Wing|Protosynthesis|[silent]\n|switch|p2a: Walking Wake|Walking Wake|100/100|[from] U-turn\n|-status|p2a: Walking Wake|psn\n|\n|-damage|p2a: Walking Wake|88/100 psn|[from] psn\n|upkeep\n|turn|3\n|\n|t:|1788290176\n|-end|p2a: Walking Wake|Protosynthesis|[silent]\n|switch|p2a: Venusaur|Venusaur, M|100/100\n|-sideend|p2: Khinelalala|move: Toxic Spikes|[of] p2a: Venusaur\n|switch|p1a: Hoopa|Hoopa-Unbound|100/100\n|\n|upkeep\n|turn|4\n|\n|t:|1788290182\n|switch|p2a: Hatterene|Hatterene, F|79/100\n|move|p1a: Hoopa|Psychic|p2a: Hatterene\n|-resisted|p2a: Hatterene\n|-damage|p2a: Hatterene|55/100\n|-unboost|p2a: Hatterene|spd|1\n|\n|upkeep\n|turn|5\n|\n|t:|1788290187\n|switch|p1a: Gholdengo|Gholdengo|100/100\n|switch|p2a: Slither Wing|Slither Wing|84/100\n|\n|upkeep\n|turn|6\n|\n|t:|1788290190\n|switch|p1a: Glimmora|Glimmora, F|79/100\n|move|p2a: Slither Wing|Earthquake|p1a: Glimmora\n|-supereffective|p1a: Glimmora\n|-damage|p1a: Glimmora|0 fnt\n|-activate|p1a: Glimmora|ability: Toxic Debris\n|-sidestart|p2: Khinelalala|move: Toxic Spikes\n|faint|p1a: Glimmora\n|\n|upkeep\n|\n|t:|1788290195\n|switch|p1a: Hoopa|Hoopa-Unbound|100/100\n|turn|7\n|\n|t:|1788290204\n|-end|p2a: Slither Wing|Protosynthesis|[silent]\n|switch|p2a: Hatterene|Hatterene, F|55/100\n|-status|p2a: Hatterene|psn\n|move|p1a: Hoopa|Psychic|p2a: Hatterene\n|-resisted|p2a: Hatterene\n|-damage|p2a: Hatterene|33/100 psn\n|-unboost|p2a: Hatterene|spd|1\n|\n|-damage|p2a: Hatterene|21/100 psn|[from] psn\n|upkeep\n|turn|8\n|\n|t:|1788290214\n|move|p1a: Hoopa|Psychic|p2a: Hatterene\n|-resisted|p2a: Hatterene\n|-damage|p2a: Hatterene|0 fnt\n|faint|p2a: Hatterene\n|\n|upkeep\n|\n|t:|1788290215\n|switch|p2a: Slither Wing|Slither Wing|84/100\n|-status|p2a: Slither Wing|psn\n|turn|9\n|\n|t:|1788290223\n|switch|p1a: Great Tusk|Great Tusk|100/100\n|move|p2a: Slither Wing|U-turn|p1a: Great Tusk\n|-resisted|p1a: Great Tusk\n|-damage|p1a: Great Tusk|88/100\n|\n|t:|1788290229\n|-end|p2a: Slither Wing|Protosynthesis|[silent]\n|switch|p2a: Torkoal|Torkoal, F|100/100|[from] U-turn\n|-status|p2a: Torkoal|psn\n|-weather|SunnyDay|[from] ability: Drought|[of] p2a: Torkoal\n|-activate|p1a: Great Tusk|ability: Protosynthesis\n|-start|p1a: Great Tusk|protosynthesisdef\n|\n|-weather|SunnyDay|[upkeep]\n|-heal|p1a: Great Tusk|94/100|[from] item: Leftovers\n|-damage|p2a: Torkoal|88/100 psn|[from] psn\n|upkeep\n|turn|10\n|\n|t:|1788290234\n|switch|p2a: Venusaur|Venusaur, M|100/100\n|-sideend|p2: Khinelalala|move: Toxic Spikes|[of] p2a: Venusaur\n|move|p1a: Great Tusk|Knock Off|p2a: Venusaur\n|-damage|p2a: Venusaur|61/100\n|-enditem|p2a: Venusaur|Life Orb|[from] move: Knock Off|[of] p1a: Great Tusk\n|\n|-weather|SunnyDay|[upkeep]\n|-heal|p1a: Great Tusk|100/100|[from] item: Leftovers\n|upkeep\n|turn|11\n|\n|t:|1788290252\n|switch|p2a: Great Tusk|Great Tusk|100/100\n|-activate|p2a: Great Tusk|ability: Protosynthesis\n|-start|p2a: Great Tusk|protosynthesisdef\n|-end|p1a: Great Tusk|Protosynthesis|[silent]\n|switch|p1a: Hoopa|Hoopa-Unbound|100/100\n|\n|-weather|SunnyDay|[upkeep]\n|upkeep\n|turn|12\n|\n|t:|1788290265\n|move|p1a: Hoopa|Psychic|p2a: Great Tusk\n|-supereffective|p2a: Great Tusk\n|-damage|p2a: Great Tusk|0 fnt\n|faint|p2a: Great Tusk\n|-end|p2a: Great Tusk|Protosynthesis|[silent]\n|\n|-weather|SunnyDay|[upkeep]\n|upkeep\n|\n|t:|1788290267\n|switch|p2a: Slither Wing|Slither Wing|84/100 psn\n|-activate|p2a: Slither Wing|ability: Protosynthesis\n|-start|p2a: Slither Wing|protosynthesisatk\n|turn|13\n|\n|t:|1788290270\n|move|p1a: Hoopa|Psychic|p2a: Slither Wing\n|-supereffective|p2a: Slither Wing\n|-damage|p2a: Slither Wing|0 fnt\n|faint|p2a: Slither Wing\n|-end|p2a: Slither Wing|Protosynthesis|[silent]\n|\n|-weather|SunnyDay|[upkeep]\n|upkeep\n|-message|Khinelalala forfeited.\n|\n|win|escpd\n|raw|escpd's rating: 1548 &rarr; <strong>1569</strong><br />(+21 for winning)\n|raw|Khinelalala's rating: 1568 &rarr; <strong>1547</strong><br />(-21 for losing)\n|l|\u2606Khinelalala\n|player|p2|\n|l|\u2606escpd\n|player|p1|\n", "uploadtime": 1788290509, "views": "0", "formatid": "gen9ou", "rating": 1547, "private": 0, "password": null}