{"id": "gen9ou-2673865235", "format": "[Gen 9] OU", "players": ["Kanehusky13", "potentiallyafraud?"], "log": "|j|\u2606Kanehusky13\n|j|\u2606potentiallyafraud?\n|t:|1788270416\n|gametype|singles\n|player|p1|Kanehusky13|101|1449\n|player|p2|potentiallyafraud?|clerkf|1429\n|gen|9\n|tier|[Gen 9] OU\n|rated|\n|rule|HP Percentage Mod: HP is shown in percentages\n|rule|Endless Battle Clause: Forcing endless battles is banned\n|rule|Species Clause: Limit one of each Pok\u00e9mon\n|rule|OHKO Clause: OHKO moves are banned\n|rule|Evasion Items Clause: Evasion items are banned\n|rule|Evasion Moves Clause: Evasion moves are banned\n|rule|Evasion Abilities Clause: Evasion abilities are banned\n|rule|Sleep Moves Clause: Sleep-inducing moves are banned\n|clearpoke\n|poke|p1|Araquanid, F|\n|poke|p1|Cinderace, F|\n|poke|p1|Milotic, F|\n|poke|p1|Kingambit, F|\n|poke|p1|Hatterene, F|\n|poke|p1|Serperior, M|\n|poke|p2|Kingambit, F|\n|poke|p2|Ceruledge, M|\n|poke|p2|Zapdos|\n|poke|p2|Iron Valiant|\n|poke|p2|Primarina, F|\n|poke|p2|Great Tusk|\n|teampreview\n|inactive|Battle timer is ON: inactive players will automatically lose when time's up. (requested by potentiallyafraud?)\n|\n|t:|1788270432\n|teamsize|p1|6\n|teamsize|p2|6\n|start\n|switch|p1a: Araquanid|Araquanid, F|100/100\n|switch|p2a: Zapdos|Zapdos, shiny|100/100\n|turn|1\n|\n|t:|1788270435\n|move|p2a: Zapdos|Discharge|p1a: Araquanid\n|-supereffective|p1a: Araquanid\n|-damage|p1a: Araquanid|62/100\n|-status|p1a: Araquanid|par\n|move|p1a: Araquanid|Sticky Web|p2a: Zapdos\n|-sidestart|p2: potentiallyafraud?|move: Sticky Web\n|\n|upkeep\n|turn|2\n|\n|t:|1788270441\n|move|p2a: Zapdos|U-turn|p1a: Araquanid\n|-damage|p1a: Araquanid|48/100 par\n|\n|t:|1788270444\n|switch|p2a: Primarina|Primarina, F, shiny|100/100|[from] U-turn\n|-activate|p2a: Primarina|move: Sticky Web\n|-unboost|p2a: Primarina|spe|1\n|move|p1a: Araquanid|Mirror Coat||[still]\n|-fail|p1a: Araquanid\n|\n|upkeep\n|turn|3\n|\n|t:|1788270448\n|switch|p1a: Cinderace|Cinderace, F|100/100\n|move|p2a: Primarina|Flip Turn|p1a: Cinderace\n|-supereffective|p1a: Cinderace\n|-damage|p1a: Cinderace|58/100\n|\n|t:|1788270453\n|switch|p2a: Ceruledge|Ceruledge, M, shiny|100/100|[from] Flip Turn\n|\n|upkeep\n|turn|4\n|\n|t:|1788270457\n|move|p1a: Cinderace|Court Change|p1a: Cinderace\n|-start|p1a: Cinderace|typechange|Normal|[from] ability: Libero\n|-swapsideconditions\n|-activate|p1a: Cinderace|move: Court Change\n|move|p2a: Ceruledge|Swords Dance|p2a: Ceruledge\n|-boost|p2a: Ceruledge|atk|2\n|\n|upkeep\n|turn|5\n|\n|t:|1788270463\n|move|p1a: Cinderace|Pyro Ball|p2a: Ceruledge\n|-resisted|p2a: Ceruledge\n|-damage|p2a: Ceruledge|74/100\n|-ability|p2a: Ceruledge|Weak Armor|boost\n|-unboost|p2a: Ceruledge|def|1\n|-boost|p2a: Ceruledge|spe|2\n|move|p2a: Ceruledge|Bitter Blade|p1a: Cinderace\n|-damage|p1a: Cinderace|0 fnt\n|-heal|p2a: Ceruledge|100/100|[from] drain|[of] p1a: Cinderace\n|faint|p1a: Cinderace\n|\n|upkeep\n|\n|t:|1788270467\n|switch|p1a: Hatterene|Hatterene, F|100/100\n|-activate|p1a: Hatterene|move: Sticky Web\n|-unboost|p1a: Hatterene|spe|1\n|turn|6\n|\n|t:|1788270479\n|switch|p2a: Primarina|Primarina, F, shiny|100/100\n|move|p1a: Hatterene|Trick Room|p1a: Hatterene\n|-fieldstart|move: Trick Room|[of] p1a: Hatterene\n|\n|upkeep\n|turn|7\n|\n|t:|1788270486\n|move|p1a: Hatterene|Healing Wish|p1a: Hatterene\n|faint|p1a: Hatterene\n|move|p2a: Primarina|Flip Turn|p1: Hatterene|[notarget]\n|-fail|p2a: Primarina\n|\n|upkeep\n|\n|t:|1788270492\n|switch|p1a: Kingambit|Kingambit, F|100/100\n|-activate|p1a: Kingambit|move: Sticky Web\n|-unboost|p1a: Kingambit|spe|1\n|-ability|p1a: Kingambit|Defiant|boost\n|-boost|p1a: Kingambit|atk|2\n|turn|8\n|\n|t:|1788270498\n|move|p1a: Kingambit|Iron Head|p2a: Primarina\n|-damage|p2a: Primarina|0 fnt\n|faint|p2a: Primarina\n|\n|upkeep\n|\n|t:|1788270500\n|switch|p2a: Great Tusk|Great Tusk, shiny|100/100\n|turn|9\n|\n|t:|1788270503\n|-terastallize|p1a: Kingambit|Fighting\n|move|p1a: Kingambit|Low Kick|p2a: Great Tusk\n|-damage|p2a: Great Tusk|5/100\n|move|p2a: Great Tusk|Headlong Rush|p1a: Kingambit\n|-damage|p1a: Kingambit|53/100\n|-unboost|p2a: Great Tusk|def|1\n|-unboost|p2a: Great Tusk|spd|1\n|\n|upkeep\n|turn|10\n|\n|t:|1788270512\n|move|p1a: Kingambit|Kowtow Cleave|p2a: Great Tusk\n|-resisted|p2a: Great Tusk\n|-damage|p2a: Great Tusk|0 fnt\n|faint|p2a: Great Tusk\n|-end|p2a: Great Tusk|Protosynthesis|[silent]\n|\n|-fieldend|move: Trick Room\n|upkeep\n|\n|t:|1788270518\n|switch|p2a: Iron Valiant|Iron Valiant, shiny|100/100\n|turn|11\n|\n|t:|1788270522\n|switch|p1a: Milotic|Milotic, F|100/100\n|-activate|p1a: Milotic|move: Sticky Web\n|-unboost|p1a: Milotic|spe|1\n|-ability|p1a: Milotic|Competitive|boost\n|-boost|p1a: Milotic|spa|2\n|move|p2a: Iron Valiant|Moonblast|p1a: Milotic\n|-damage|p1a: Milotic|66/100\n|-unboost|p1a: Milotic|spa|1\n|-ability|p1a: Milotic|Competitive|boost\n|-boost|p1a: Milotic|spa|2\n|\n|upkeep\n|turn|12\n|inactive|potentiallyafraud? has 120 seconds left.\n|\n|t:|1788270560\n|move|p2a: Iron Valiant|Moonblast|p1a: Milotic\n|-damage|p1a: Milotic|31/100\n|move|p1a: Milotic|Draining Kiss|p2a: Iron Valiant\n|-supereffective|p2a: Iron Valiant\n|-damage|p2a: Iron Valiant|0 fnt\n|-heal|p1a: Milotic|94/100|[from] drain|[of] p2a: Iron Valiant\n|faint|p2a: Iron Valiant\n|-end|p2a: Iron Valiant|Quark Drive|[silent]\n|\n|upkeep\n|-message|potentiallyafraud? forfeited.\n|\n|win|Kanehusky13\n|raw|Kanehusky13's rating: 1449 &rarr; <strong>1468</strong><br />(+19 for winning)\n|raw|potentiallyafraud?'s rating: 1429 &rarr; <strong>1410</strong><br />(-19 for losing)\n|l|\u2606potentiallyafraud?\n|player|p2|\n|l|\u2606Kanehusky13\n|player|p1|\n|j|\u2606potentiallyafraud?\n|player|p2|potentiallyafraud?|clerkf|\n|l|\u2606potentiallyafraud?\n|player|p2|\n", "uploadtime": 1788270804, "views": "4", "formatid": "gen9ou", "rating": 1410, "private": 0, "password": null}