{"id": "gen9ou-2673993834", "format": "[Gen 9] OU", "players": ["Prav33n", "kangarooteam1"], "log": "|j|\u2606Prav33n\n|j|\u2606kangarooteam1\n|t:|1788285940\n|gametype|singles\n|player|p1|Prav33n|koga|1615\n|player|p2|kangarooteam1|1|1584\n|gen|9\n|tier|[Gen 9] OU\n|rated|\n|rule|HP Percentage Mod: HP is shown in percentages\n|rule|Endless Battle Clause: Forcing endless battles is banned\n|rule|Species Clause: Limit one of each Pok\u00e9mon\n|rule|OHKO Clause: OHKO moves are banned\n|rule|Evasion Items Clause: Evasion items are banned\n|rule|Evasion Moves Clause: Evasion moves are banned\n|rule|Evasion Abilities Clause: Evasion abilities are banned\n|rule|Sleep Moves Clause: Sleep-inducing moves are banned\n|clearpoke\n|poke|p1|Samurott-Hisui, M|\n|poke|p1|Gholdengo|\n|poke|p1|Gliscor, F|\n|poke|p1|Zamazenta-*|\n|poke|p1|Kyurem|\n|poke|p1|Glimmora, M|\n|poke|p2|Great Tusk|\n|poke|p2|Gholdengo|\n|poke|p2|Raging Bolt|\n|poke|p2|Iron Valiant|\n|poke|p2|Ogerpon-Wellspring, F|\n|poke|p2|Kingambit, F|\n|teampreview\n|inactive|Battle timer is ON: inactive players will automatically lose when time's up. (requested by kangarooteam1)\n|inactive|Prav33n also wants the timer to be on.\n|\n|t:|1788285950\n|teamsize|p1|6\n|teamsize|p2|6\n|start\n|switch|p1a: Kyurem|Kyurem, shiny|100/100\n|switch|p2a: Gholdengo|Gholdengo|100/100\n|-item|p2a: Gholdengo|Air Balloon\n|-ability|p1a: Kyurem|Pressure\n|turn|1\n|\n|t:|1788285956\n|switch|p1a: Gholdengo|Gholdengo|100/100\n|move|p2a: Gholdengo|Make It Rain|p1a: Gholdengo\n|-resisted|p1a: Gholdengo\n|-damage|p1a: Gholdengo|64/100\n|-unboost|p2a: Gholdengo|spa|1\n|\n|upkeep\n|turn|2\n|\n|t:|1788285961\n|switch|p2a: Raging Bolt|Raging Bolt|100/100\n|move|p1a: Gholdengo|Make It Rain|p2a: Raging Bolt\n|-resisted|p2a: Raging Bolt\n|-damage|p2a: Raging Bolt|69/100\n|-unboost|p1a: Gholdengo|spa|1\n|\n|-heal|p2a: Raging Bolt|76/100|[from] item: Leftovers\n|upkeep\n|turn|3\n|\n|t:|1788285972\n|move|p1a: Gholdengo|Shadow Ball|p2a: Raging Bolt\n|-damage|p2a: Raging Bolt|51/100\n|move|p2a: Raging Bolt|Calm Mind|p2a: Raging Bolt\n|-boost|p2a: Raging Bolt|spa|1\n|-boost|p2a: Raging Bolt|spd|1\n|\n|-heal|p2a: Raging Bolt|57/100|[from] item: Leftovers\n|upkeep\n|turn|4\n|\n|t:|1788285975\n|switch|p1a: Kyurem|Kyurem, shiny|100/100\n|-ability|p1a: Kyurem|Pressure\n|move|p2a: Raging Bolt|Dragon Pulse|p1a: Kyurem\n|-supereffective|p1a: Kyurem\n|-damage|p1a: Kyurem|22/100\n|\n|-heal|p2a: Raging Bolt|63/100|[from] item: Leftovers\n|upkeep\n|turn|5\n|\n|t:|1788285978\n|-terastallize|p2a: Raging Bolt|Fairy\n|move|p1a: Kyurem|Ice Beam|p2a: Raging Bolt\n|-damage|p2a: Raging Bolt|38/100\n|move|p2a: Raging Bolt|Calm Mind|p2a: Raging Bolt\n|-boost|p2a: Raging Bolt|spa|1\n|-boost|p2a: Raging Bolt|spd|1\n|\n|-heal|p2a: Raging Bolt|44/100|[from] item: Leftovers\n|upkeep\n|turn|6\n|\n|t:|1788285982\n|move|p2a: Raging Bolt|Thunderclap|p1a: Kyurem\n|-resisted|p1a: Kyurem\n|-damage|p1a: Kyurem|0 fnt\n|faint|p1a: Kyurem\n|\n|-heal|p2a: Raging Bolt|50/100|[from] item: Leftovers\n|upkeep\n|\n|t:|1788286006\n|switch|p1a: Gholdengo|Gholdengo|64/100\n|turn|7\n|\n|t:|1788286009\n|move|p2a: Raging Bolt|Thunderclap|p1a: Gholdengo\n|-damage|p1a: Gholdengo|0 fnt\n|faint|p1a: Gholdengo\n|\n|-heal|p2a: Raging Bolt|57/100|[from] item: Leftovers\n|upkeep\n|\n|t:|1788286021\n|switch|p1a: Gliscor|Gliscor, F|100/100\n|turn|8\n|\n|t:|1788286023\n|move|p1a: Gliscor|Protect|p1a: Gliscor\n|-singleturn|p1a: Gliscor|Protect\n|move|p2a: Raging Bolt|Dragon Pulse|p1a: Gliscor\n|-activate|p1a: Gliscor|move: Protect\n|\n|-heal|p2a: Raging Bolt|63/100|[from] item: Leftovers\n|-status|p1a: Gliscor|tox|[from] item: Toxic Orb\n|upkeep\n|turn|9\n|\n|t:|1788286025\n|switch|p1a: Glimmora|Glimmora, M|100/100\n|move|p2a: Raging Bolt|Dragon Pulse|p1a: Glimmora\n|-damage|p1a: Glimmora|0 fnt\n|faint|p1a: Glimmora\n|\n|-heal|p2a: Raging Bolt|69/100|[from] item: Leftovers\n|upkeep\n|-message|Prav33n forfeited.\n|\n|win|kangarooteam1\n|raw|Prav33n's rating: 1615 &rarr; <strong>1593</strong><br />(-22 for losing)\n|raw|kangarooteam1's rating: 1584 &rarr; <strong>1606</strong><br />(+22 for winning)\n|l|\u2606Prav33n\n|player|p1|\n", "uploadtime": 1788286032, "views": "0", "formatid": "gen9ou", "rating": 1593, "private": 0, "password": null}