{"id": "gen9ou-2673976195", "format": "[Gen 9] OU", "players": ["Kanehusky13", "brockssocks3"], "log": "|j|\u2606Kanehusky13\n|j|\u2606brockssocks3\n|t:|1788283903\n|gametype|singles\n|player|p1|Kanehusky13|266|1467\n|player|p2|brockssocks3|unknown|1472\n|gen|9\n|tier|[Gen 9] OU\n|rated|\n|rule|HP Percentage Mod: HP is shown in percentages\n|rule|Endless Battle Clause: Forcing endless battles is banned\n|rule|Species Clause: Limit one of each Pok\u00e9mon\n|rule|OHKO Clause: OHKO moves are banned\n|rule|Evasion Items Clause: Evasion items are banned\n|rule|Evasion Moves Clause: Evasion moves are banned\n|rule|Evasion Abilities Clause: Evasion abilities are banned\n|rule|Sleep Moves Clause: Sleep-inducing moves are banned\n|clearpoke\n|poke|p1|Araquanid, F|\n|poke|p1|Cinderace, F|\n|poke|p1|Milotic, M|\n|poke|p1|Kingambit, F|\n|poke|p1|Hatterene, F|\n|poke|p1|Serperior, F|\n|poke|p2|Ting-Lu|\n|poke|p2|Garganacl, M|\n|poke|p2|Zapdos|\n|poke|p2|Mandibuzz, F|\n|poke|p2|Primarina, M|\n|poke|p2|Deoxys-Speed|\n|teampreview\n|inactive|Battle timer is ON: inactive players will automatically lose when time's up. (requested by brockssocks3)\n|j| F0RD-F150\n|\n|t:|1788283922\n|teamsize|p1|6\n|teamsize|p2|6\n|start\n|switch|p1a: Araquanid|Araquanid, F|100/100\n|switch|p2a: Deoxys|Deoxys-Speed|100/100\n|-ability|p2a: Deoxys|Pressure\n|turn|1\n|\n|t:|1788283949\n|move|p2a: Deoxys|Psycho Boost|p1a: Araquanid\n|-damage|p1a: Araquanid|66/100\n|-unboost|p2a: Deoxys|spa|2\n|-enditem|p2a: Deoxys|Eject Pack\n|\n|t:|1788283956\n|switch|p2a: Zapdos|Zapdos|100/100\n|move|p1a: Araquanid|Sticky Web|p2a: Zapdos\n|-sidestart|p2: brockssocks3|move: Sticky Web\n|\n|upkeep\n|turn|2\n|\n|t:|1788283961\n|move|p2a: Zapdos|Discharge|p1a: Araquanid\n|-supereffective|p1a: Araquanid\n|-damage|p1a: Araquanid|27/100\n|move|p1a: Araquanid|Mirror Coat|p2a: Zapdos\n|-damage|p2a: Zapdos|32/100\n|\n|upkeep\n|turn|3\n|\n|t:|1788283970\n|switch|p1a: Cinderace|Cinderace, F|100/100\n|move|p2a: Zapdos|Discharge|p1a: Cinderace\n|-damage|p1a: Cinderace|55/100\n|\n|upkeep\n|turn|4\n|\n|t:|1788283978\n|switch|p2a: Mandibuzz|Mandibuzz, F|100/100\n|move|p1a: Cinderace|Court Change|p1a: Cinderace\n|-start|p1a: Cinderace|typechange|Normal|[from] ability: Libero\n|-swapsideconditions\n|-activate|p1a: Cinderace|move: Court Change\n|\n|upkeep\n|turn|5\n|\n|t:|1788283985\n|switch|p1a: Kingambit|Kingambit, F|100/100\n|-activate|p1a: Kingambit|move: Sticky Web\n|-unboost|p1a: Kingambit|spe|1\n|-ability|p1a: Kingambit|Defiant|boost\n|-boost|p1a: Kingambit|atk|2\n|move|p2a: Mandibuzz|Defog|p1a: Kingambit\n|-unboost|p1a: Kingambit|evasion|1\n|-ability|p1a: Kingambit|Defiant|boost\n|-boost|p1a: Kingambit|atk|2\n|-sideend|p1: Kanehusky13|Sticky Web|[from] move: Defog|[of] p2a: Mandibuzz\n|\n|upkeep\n|turn|6\n|\n|t:|1788283989\n|move|p2a: Mandibuzz|Foul Play|p1a: Kingambit\n|-resisted|p1a: Kingambit\n|-damage|p1a: Kingambit|35/100\n|move|p1a: Kingambit|Iron Head|p2a: Mandibuzz\n|-damage|p2a: Mandibuzz|23/100\n|\n|upkeep\n|turn|7\n|\n|t:|1788283995\n|move|p1a: Kingambit|Sucker Punch||[still]\n|-fail|p1a: Kingambit\n|move|p2a: Mandibuzz|Roost|p2a: Mandibuzz\n|-heal|p2a: Mandibuzz|73/100\n|-singleturn|p2a: Mandibuzz|move: Roost\n|\n|upkeep\n|turn|8\n|\n|t:|1788284001\n|switch|p1a: Hatterene|Hatterene, F|100/100\n|move|p2a: Mandibuzz|Foul Play|p1a: Hatterene\n|-damage|p1a: Hatterene|74/100\n|\n|upkeep\n|turn|9\n|\n|t:|1788284008\n|switch|p2a: Garganacl|Garganacl, M|100/100\n|move|p1a: Hatterene|Draining Kiss|p2a: Garganacl\n|-damage|p2a: Garganacl|83/100\n|-heal|p1a: Hatterene|94/100|[from] drain|[of] p2a: Garganacl\n|\n|-heal|p2a: Garganacl|89/100|[from] item: Leftovers\n|upkeep\n|turn|10\n|\n|t:|1788284019\n|move|p2a: Garganacl|Salt Cure|p1a: Hatterene\n|-damage|p1a: Hatterene|80/100\n|-start|p1a: Hatterene|Salt Cure\n|move|p1a: Hatterene|Psychic Noise|p2a: Garganacl\n|-damage|p2a: Garganacl|61/100\n|-start|p2a: Garganacl|move: Heal Block\n|\n|-damage|p1a: Hatterene|68/100|[from] Salt Cure\n|upkeep\n|turn|11\n|\n|t:|1788284030\n|switch|p1a: Araquanid|Araquanid, F|27/100\n|move|p2a: Garganacl|Protect||[still]\n|-fail|p2a: Garganacl\n|\n|-end|p2a: Garganacl|move: Heal Block\n|upkeep\n|turn|12\n|\n|t:|1788284034\n|move|p1a: Araquanid|Sticky Web|p2a: Garganacl\n|-sidestart|p2: brockssocks3|move: Sticky Web\n|move|p2a: Garganacl|Salt Cure|p1a: Araquanid\n|-supereffective|p1a: Araquanid\n|-damage|p1a: Araquanid|0 fnt\n|faint|p1a: Araquanid\n|\n|-heal|p2a: Garganacl|67/100|[from] item: Leftovers\n|upkeep\n|\n|t:|1788284035\n|switch|p1a: Cinderace|Cinderace, F|55/100\n|turn|13\n|\n|t:|1788284039\n|move|p1a: Cinderace|Court Change|p1a: Cinderace\n|-start|p1a: Cinderace|typechange|Normal|[from] ability: Libero\n|-swapsideconditions\n|-activate|p1a: Cinderace|move: Court Change\n|move|p2a: Garganacl|Curse|p2a: Garganacl\n|-unboost|p2a: Garganacl|spe|1\n|-boost|p2a: Garganacl|atk|1\n|-boost|p2a: Garganacl|def|1\n|\n|-heal|p2a: Garganacl|73/100|[from] item: Leftovers\n|upkeep\n|turn|14\n|\n|t:|1788284046\n|switch|p1a: Hatterene|Hatterene, F|68/100\n|-activate|p1a: Hatterene|move: Sticky Web\n|-unboost|p1a: Hatterene|spe|1\n|move|p2a: Garganacl|Curse|p2a: Garganacl\n|-unboost|p2a: Garganacl|spe|1\n|-boost|p2a: Garganacl|atk|1\n|-boost|p2a: Garganacl|def|1\n|\n|-heal|p2a: Garganacl|79/100|[from] item: Leftovers\n|upkeep\n|turn|15\n|\n|t:|1788284049\n|move|p2a: Garganacl|Salt Cure|p1a: Hatterene\n|-crit|p1a: Hatterene\n|-damage|p1a: Hatterene|24/100\n|-start|p1a: Hatterene|Salt Cure\n|move|p1a: Hatterene|Trick Room|p1a: Hatterene\n|-fieldstart|move: Trick Room|[of] p1a: Hatterene\n|\n|-heal|p2a: Garganacl|86/100|[from] item: Leftovers\n|-damage|p1a: Hatterene|12/100|[from] Salt Cure\n|upkeep\n|turn|16\n|\n|t:|1788284058\n|move|p2a: Garganacl|Protect|p2a: Garganacl\n|-singleturn|p2a: Garganacl|Protect\n|move|p1a: Hatterene|Healing Wish|p1a: Hatterene\n|faint|p1a: Hatterene\n|\n|-heal|p2a: Garganacl|92/100|[from] item: Leftovers\n|upkeep\n|\n|t:|1788284060\n|switch|p1a: Milotic|Milotic, M|100/100\n|-activate|p1a: Milotic|move: Sticky Web\n|-unboost|p1a: Milotic|spe|1\n|-ability|p1a: Milotic|Competitive|boost\n|-boost|p1a: Milotic|spa|2\n|turn|17\n|\n|t:|1788284066\n|-terastallize|p2a: Garganacl|Ghost\n|move|p2a: Garganacl|Salt Cure|p1a: Milotic\n|-damage|p1a: Milotic|69/100\n|-start|p1a: Milotic|Salt Cure\n|move|p1a: Milotic|Scald|p2a: Garganacl\n|-damage|p2a: Garganacl|40/100\n|\n|-heal|p2a: Garganacl|46/100|[from] item: Leftovers\n|-damage|p1a: Milotic|44/100|[from] Salt Cure\n|upkeep\n|turn|18\n|\n|t:|1788284076\n|-terastallize|p1a: Milotic|Fairy\n|move|p2a: Garganacl|Recover|p2a: Garganacl\n|-heal|p2a: Garganacl|96/100\n|move|p1a: Milotic|Draining Kiss|p2a: Garganacl\n|-damage|p2a: Garganacl|56/100\n|-heal|p1a: Milotic|78/100|[from] drain|[of] p2a: Garganacl\n|\n|-heal|p2a: Garganacl|63/100|[from] item: Leftovers\n|-damage|p1a: Milotic|66/100|[from] Salt Cure\n|upkeep\n|turn|19\n|\n|t:|1788284096\n|move|p2a: Garganacl|Curse|p1a: Milotic\n|-start|p1a: Milotic|Curse|[of] p2a: Garganacl\n|-damage|p2a: Garganacl|13/100\n|move|p1a: Milotic|Draining Kiss|p2a: Garganacl\n|-damage|p2a: Garganacl|0 fnt\n|-heal|p1a: Milotic|77/100|[from] drain|[of] p2a: Garganacl\n|faint|p2a: Garganacl\n|\n|-damage|p1a: Milotic|52/100|[from] Curse\n|-damage|p1a: Milotic|39/100|[from] Salt Cure\n|-fieldend|move: Trick Room\n|upkeep\n|inactive|brockssocks3 has 120 seconds left.\n|\n|t:|1788284117\n|switch|p2a: Primarina|Primarina, M|100/100\n|turn|20\n|\n|t:|1788284123\n|move|p2a: Primarina|Surf|p1a: Milotic\n|-damage|p1a: Milotic|16/100\n|move|p1a: Milotic|Draining Kiss|p2a: Primarina\n|-damage|p2a: Primarina|71/100\n|-heal|p1a: Milotic|40/100|[from] drain|[of] p2a: Primarina\n|\n|-damage|p1a: Milotic|15/100|[from] Curse\n|-damage|p1a: Milotic|2/100|[from] Salt Cure\n|upkeep\n|turn|21\n|\n|t:|1788284132\n|switch|p1a: Serperior|Serperior, F|100/100\n|-activate|p1a: Serperior|move: Sticky Web\n|-boost|p1a: Serperior|spe|1\n|move|p2a: Primarina|Surf|p1a: Serperior\n|-resisted|p1a: Serperior\n|-damage|p1a: Serperior|70/100\n|\n|upkeep\n|turn|22\n|\n|t:|1788284140\n|move|p1a: Serperior|Leaf Storm|p2a: Primarina\n|-supereffective|p2a: Primarina\n|-damage|p2a: Primarina|18/100\n|-boost|p1a: Serperior|spa|2\n|move|p2a: Primarina|Moonblast|p1a: Serperior\n|-damage|p1a: Serperior|11/100\n|\n|upkeep\n|turn|23\n|\n|t:|1788284149\n|move|p1a: Serperior|Leaf Storm|p2a: Primarina\n|-supereffective|p2a: Primarina\n|-damage|p2a: Primarina|0 fnt\n|-boost|p1a: Serperior|spa|2\n|faint|p2a: Primarina\n|\n|upkeep\n|\n|t:|1788284156\n|switch|p2a: Ting-Lu|Ting-Lu|100/100\n|-ability|p2a: Ting-Lu|Vessel of Ruin\n|turn|24\n|\n|t:|1788284162\n|move|p1a: Serperior|Leaf Storm|p2a: Ting-Lu\n|-supereffective|p2a: Ting-Lu\n|-damage|p2a: Ting-Lu|0 fnt\n|-boost|p1a: Serperior|spa|2\n|faint|p2a: Ting-Lu\n|\n|upkeep\n|\n|t:|1788284165\n|switch|p2a: Mandibuzz|Mandibuzz, F|73/100\n|turn|25\n|\n|t:|1788284168\n|move|p1a: Serperior|Dragon Pulse|p2a: Mandibuzz\n|-damage|p2a: Mandibuzz|5/100\n|move|p2a: Mandibuzz|Foul Play|p1a: Serperior\n|-damage|p1a: Serperior|0 fnt\n|faint|p1a: Serperior\n|\n|upkeep\n|\n|t:|1788284174\n|switch|p1a: Milotic|Milotic, M, tera:Fairy|2/100\n|-heal|p1a: Milotic|100/100|[from] move: Healing Wish\n|-activate|p1a: Milotic|move: Sticky Web\n|-unboost|p1a: Milotic|spe|1\n|-ability|p1a: Milotic|Competitive|boost\n|-boost|p1a: Milotic|spa|2\n|turn|26\n|\n|t:|1788284181\n|move|p2a: Mandibuzz|Toxic|p1a: Milotic\n|-status|p1a: Milotic|tox\n|move|p1a: Milotic|Draining Kiss|p2a: Mandibuzz\n|-supereffective|p2a: Mandibuzz\n|-damage|p2a: Mandibuzz|0 fnt\n|faint|p2a: Mandibuzz\n|\n|-damage|p1a: Milotic|94/100 tox|[from] psn\n|upkeep\n|\n|t:|1788284189\n|switch|p2a: Zapdos|Zapdos|32/100\n|turn|27\n|\n|t:|1788284192\n|move|p2a: Zapdos|Roost|p2a: Zapdos\n|-heal|p2a: Zapdos|82/100\n|-singleturn|p2a: Zapdos|move: Roost\n|move|p1a: Milotic|Draining Kiss|p2a: Zapdos\n|-damage|p2a: Zapdos|30/100\n|-heal|p1a: Milotic|100/100 tox|[from] drain|[of] p2a: Zapdos\n|\n|-damage|p1a: Milotic|88/100 tox|[from] psn\n|upkeep\n|turn|28\n|\n|t:|1788284202\n|move|p2a: Zapdos|Roost|p2a: Zapdos\n|-heal|p2a: Zapdos|80/100\n|-singleturn|p2a: Zapdos|move: Roost\n|move|p1a: Milotic|Scald|p2a: Zapdos\n|-damage|p2a: Zapdos|8/100\n|-status|p2a: Zapdos|brn\n|\n|-damage|p1a: Milotic|70/100 tox|[from] psn\n|-damage|p2a: Zapdos|2/100 brn|[from] brn\n|upkeep\n|turn|29\n|\n|t:|1788284213\n|move|p2a: Zapdos|Roost|p2a: Zapdos\n|-heal|p2a: Zapdos|52/100 brn\n|-singleturn|p2a: Zapdos|move: Roost\n|move|p1a: Milotic|Draining Kiss|p2a: Zapdos\n|-damage|p2a: Zapdos|0 fnt\n|-heal|p1a: Milotic|100/100 tox|[from] drain|[of] p2a: Zapdos\n|faint|p2a: Zapdos\n|\n|-damage|p1a: Milotic|76/100 tox|[from] psn\n|upkeep\n|\n|t:|1788284217\n|switch|p2a: Deoxys|Deoxys-Speed|100/100\n|-ability|p2a: Deoxys|Pressure\n|turn|30\n|\n|t:|1788284220\n|move|p2a: Deoxys|Psycho Boost|p1a: Milotic|[miss]\n|-miss|p2a: Deoxys|p1a: Milotic\n|move|p1a: Milotic|Draining Kiss|p2a: Deoxys\n|-damage|p2a: Deoxys|6/100\n|-heal|p1a: Milotic|100/100 tox|[from] drain|[of] p2a: Deoxys\n|\n|-damage|p1a: Milotic|70/100 tox|[from] psn\n|upkeep\n|turn|31\n|c|\u2606Kanehusky13|ggs\n|\n|t:|1788284223\n|move|p2a: Deoxys|Psycho Boost|p1a: Milotic\n|-damage|p1a: Milotic|42/100 tox\n|-unboost|p2a: Deoxys|spa|2\n|move|p1a: Milotic|Draining Kiss|p2a: Deoxys\n|-damage|p2a: Deoxys|0 fnt\n|-heal|p1a: Milotic|45/100 tox|[from] drain|[of] p2a: Deoxys\n|faint|p2a: Deoxys\n|\n|win|Kanehusky13\n|raw|Kanehusky13's rating: 1467 &rarr; <strong>1487</strong><br />(+20 for winning)\n|raw|brockssocks3's rating: 1472 &rarr; <strong>1452</strong><br />(-20 for losing)\n|l|\u2606brockssocks3\n|player|p2|\n|l| F0RD-F150\n", "uploadtime": 1788284389, "views": "0", "formatid": "gen9ou", "rating": 1452, "private": 0, "password": null}