{"id": "gen9ou-2673864519", "format": "[Gen 9] OU", "players": ["Yibril", "OUZQ Crocodile"], "log": "|j|\u2606Yibril\n|j|\u2606OUZQ Crocodile\n|t:|1788270324\n|gametype|singles\n|player|p1|Yibril|ghetsis|1544\n|player|p2|OUZQ Crocodile|2|1715\n|gen|9\n|tier|[Gen 9] OU\n|rated|\n|rule|HP Percentage Mod: HP is shown in percentages\n|rule|Endless Battle Clause: Forcing endless battles is banned\n|rule|Species Clause: Limit one of each Pok\u00e9mon\n|rule|OHKO Clause: OHKO moves are banned\n|rule|Evasion Items Clause: Evasion items are banned\n|rule|Evasion Moves Clause: Evasion moves are banned\n|rule|Evasion Abilities Clause: Evasion abilities are banned\n|rule|Sleep Moves Clause: Sleep-inducing moves are banned\n|clearpoke\n|poke|p1|Dragapult, M|\n|poke|p1|Great Tusk|\n|poke|p1|Kingambit, F|\n|poke|p1|Garganacl, M|\n|poke|p1|Gholdengo|\n|poke|p1|Dragonite, F|\n|poke|p2|Rillaboom, M|\n|poke|p2|Dragonite, F|\n|poke|p2|Kingambit, M|\n|poke|p2|Cresselia, F|\n|poke|p2|Great Tusk|\n|poke|p2|Glimmora, M|\n|teampreview\n|inactive|Battle timer is ON: inactive players will automatically lose when time's up. (requested by OUZQ Crocodile)\n|\n|t:|1788270342\n|teamsize|p1|6\n|teamsize|p2|6\n|start\n|switch|p1a: Dragapult|Dragapult, M|100/100\n|switch|p2a: Glimmora|Glimmora, M|100/100\n|turn|1\n|\n|t:|1788270349\n|move|p1a: Dragapult|Surf|p2a: Glimmora\n|-supereffective|p2a: Glimmora\n|-damage|p2a: Glimmora|28/100\n|-enditem|p2a: Glimmora|Red Card|[of] p1a: Dragapult\n|drag|p1a: Garganacl|Garganacl, M|100/100\n|move|p2a: Glimmora|Stealth Rock|p1a: Garganacl\n|-sidestart|p1: Yibril|move: Stealth Rock\n|\n|upkeep\n|turn|2\n|\n|t:|1788270357\n|switch|p1a: Dragapult|Dragapult, M|100/100\n|-damage|p1a: Dragapult|88/100|[from] Stealth Rock\n|move|p2a: Glimmora|Earth Power|p1a: Dragapult\n|-damage|p1a: Dragapult|56/100\n|\n|upkeep\n|turn|3\n|\n|t:|1788270361\n|move|p1a: Dragapult|Surf|p2a: Glimmora\n|-supereffective|p2a: Glimmora\n|-damage|p2a: Glimmora|0 fnt\n|faint|p2a: Glimmora\n|\n|upkeep\n|\n|t:|1788270364\n|switch|p2a: Rillaboom|Rillaboom, M|100/100\n|-fieldstart|move: Grassy Terrain|[from] ability: Grassy Surge|[of] p2a: Rillaboom\n|turn|4\n|\n|t:|1788270370\n|switch|p1a: Kingambit|Kingambit, F|100/100\n|-damage|p1a: Kingambit|94/100|[from] Stealth Rock\n|move|p2a: Rillaboom|Swords Dance|p2a: Rillaboom\n|-boost|p2a: Rillaboom|atk|2\n|\n|-heal|p1a: Kingambit|100/100|[from] Grassy Terrain\n|upkeep\n|turn|5\n|\n|t:|1788270387\n|-end|p1a: Kingambit|fallenundefined|[silent]\n|switch|p1a: Gholdengo|Gholdengo|100/100\n|-damage|p1a: Gholdengo|94/100|[from] Stealth Rock\n|move|p2a: Rillaboom|High Horsepower|p1a: Gholdengo\n|-supereffective|p1a: Gholdengo\n|-damage|p1a: Gholdengo|0 fnt\n|faint|p1a: Gholdengo\n|-damage|p2a: Rillaboom|91/100|[from] item: Life Orb\n|\n|-heal|p2a: Rillaboom|97/100|[from] Grassy Terrain\n|upkeep\n|\n|t:|1788270390\n|switch|p1a: Dragonite|Dragonite, F|100/100\n|turn|6\n|\n|t:|1788270393\n|move|p2a: Rillaboom|Knock Off|p1a: Dragonite\n|-damage|p1a: Dragonite|48/100\n|-enditem|p1a: Dragonite|Heavy-Duty Boots|[from] move: Knock Off|[of] p2a: Rillaboom\n|-damage|p2a: Rillaboom|87/100|[from] item: Life Orb\n|move|p1a: Dragonite|Ice Spinner|p2a: Rillaboom\n|-supereffective|p2a: Rillaboom\n|-damage|p2a: Rillaboom|21/100\n|-fieldend|move: Grassy Terrain\n|\n|upkeep\n|turn|7\n|\n|t:|1788270398\n|switch|p2a: Great Tusk|Great Tusk|100/100\n|-enditem|p2a: Great Tusk|Booster Energy\n|-activate|p2a: Great Tusk|ability: Protosynthesis|[fromitem]\n|-start|p2a: Great Tusk|protosynthesisspe\n|move|p1a: Dragonite|Extreme Speed|p2a: Great Tusk\n|-damage|p2a: Great Tusk|80/100\n|\n|upkeep\n|turn|8\n|\n|t:|1788270406\n|move|p2a: Great Tusk|Bulk Up|p2a: Great Tusk\n|-boost|p2a: Great Tusk|atk|1\n|-boost|p2a: Great Tusk|def|1\n|move|p1a: Dragonite|Ice Spinner|p2a: Great Tusk\n|-supereffective|p2a: Great Tusk\n|-damage|p2a: Great Tusk|56/100\n|\n|upkeep\n|turn|9\n|\n|t:|1788270411\n|switch|p1a: Great Tusk|Great Tusk|100/100\n|-damage|p1a: Great Tusk|98/100|[from] Stealth Rock\n|move|p2a: Great Tusk|Head Smash|p1a: Great Tusk\n|-resisted|p1a: Great Tusk\n|-damage|p1a: Great Tusk|89/100\n|-damage|p2a: Great Tusk|53/100|[from] Recoil\n|\n|-heal|p1a: Great Tusk|95/100|[from] item: Leftovers\n|upkeep\n|turn|10\n|\n|t:|1788270420\n|move|p2a: Great Tusk|Headlong Rush|p1a: Great Tusk\n|-damage|p1a: Great Tusk|49/100\n|-unboost|p2a: Great Tusk|def|1\n|-unboost|p2a: Great Tusk|spd|1\n|move|p1a: Great Tusk|Ice Spinner|p2a: Great Tusk\n|-supereffective|p2a: Great Tusk\n|-damage|p2a: Great Tusk|17/100\n|\n|-heal|p1a: Great Tusk|55/100|[from] item: Leftovers\n|upkeep\n|turn|11\n|\n|t:|1788270425\n|move|p2a: Great Tusk|Headlong Rush|p1a: Great Tusk\n|-damage|p1a: Great Tusk|9/100\n|-unboost|p2a: Great Tusk|def|1\n|-unboost|p2a: Great Tusk|spd|1\n|move|p1a: Great Tusk|Ice Spinner|p2a: Great Tusk\n|-supereffective|p2a: Great Tusk\n|-damage|p2a: Great Tusk|0 fnt\n|faint|p2a: Great Tusk\n|-end|p2a: Great Tusk|Protosynthesis|[silent]\n|\n|-heal|p1a: Great Tusk|15/100|[from] item: Leftovers\n|upkeep\n|\n|t:|1788270428\n|switch|p2a: Rillaboom|Rillaboom, M|21/100\n|-fieldstart|move: Grassy Terrain|[from] ability: Grassy Surge|[of] p2a: Rillaboom\n|turn|12\n|\n|t:|1788270432\n|move|p2a: Rillaboom|Grassy Glide|p1a: Great Tusk\n|-supereffective|p1a: Great Tusk\n|-damage|p1a: Great Tusk|0 fnt\n|faint|p1a: Great Tusk\n|-end|p1a: Great Tusk|Protosynthesis|[silent]\n|-damage|p2a: Rillaboom|11/100|[from] item: Life Orb\n|\n|-heal|p2a: Rillaboom|17/100|[from] Grassy Terrain\n|upkeep\n|\n|t:|1788270435\n|switch|p1a: Dragonite|Dragonite, F|48/100\n|-damage|p1a: Dragonite|23/100|[from] Stealth Rock\n|turn|13\n|\n|t:|1788270444\n|move|p1a: Dragonite|Extreme Speed|p2a: Rillaboom\n|-damage|p2a: Rillaboom|0 fnt\n|faint|p2a: Rillaboom\n|\n|upkeep\n|\n|t:|1788270452\n|switch|p2a: Kingambit|Kingambit, M|100/100\n|-activate|p2a: Kingambit|ability: Supreme Overlord\n|-start|p2a: Kingambit|fallen3|[silent]\n|turn|14\n|\n|t:|1788270456\n|switch|p1a: Dragapult|Dragapult, M|56/100\n|-damage|p1a: Dragapult|43/100|[from] Stealth Rock\n|move|p2a: Kingambit|Swords Dance|p2a: Kingambit\n|-boost|p2a: Kingambit|atk|2\n|\n|-heal|p1a: Dragapult|49/100|[from] Grassy Terrain\n|upkeep\n|turn|15\n|\n|t:|1788270478\n|move|p2a: Kingambit|Sucker Punch||[still]\n|-fail|p2a: Kingambit\n|move|p1a: Dragapult|Will-O-Wisp|p2a: Kingambit\n|-status|p2a: Kingambit|brn\n|\n|-heal|p1a: Dragapult|55/100|[from] Grassy Terrain\n|-damage|p2a: Kingambit|94/100 brn|[from] brn\n|upkeep\n|turn|16\n|\n|t:|1788270486\n|switch|p1a: Dragonite|Dragonite, F|23/100\n|-damage|p1a: Dragonite|0 fnt|[from] Stealth Rock\n|faint|p1a: Dragonite\n|move|p2a: Kingambit|Swords Dance|p2a: Kingambit\n|-boost|p2a: Kingambit|atk|2\n|\n|-heal|p2a: Kingambit|100/100 brn|[from] Grassy Terrain\n|-damage|p2a: Kingambit|94/100 brn|[from] brn\n|-fieldend|move: Grassy Terrain\n|upkeep\n|\n|t:|1788270493\n|switch|p1a: Garganacl|Garganacl, M|100/100\n|-damage|p1a: Garganacl|88/100|[from] Stealth Rock\n|turn|17\n|\n|t:|1788270497\n|-terastallize|p1a: Garganacl|Water\n|move|p2a: Kingambit|Kowtow Cleave|p1a: Garganacl\n|-damage|p1a: Garganacl|13/100\n|move|p1a: Garganacl|Iron Defense|p1a: Garganacl\n|-boost|p1a: Garganacl|def|2\n|\n|-heal|p1a: Garganacl|19/100|[from] item: Leftovers\n|-damage|p2a: Kingambit|88/100 brn|[from] brn\n|upkeep\n|turn|18\n|\n|t:|1788270512\n|move|p2a: Kingambit|Kowtow Cleave|p1a: Garganacl\n|-damage|p1a: Garganacl|0 fnt\n|faint|p1a: Garganacl\n|\n|-damage|p2a: Kingambit|82/100 brn|[from] brn\n|upkeep\n|\n|t:|1788270515\n|switch|p1a: Kingambit|Kingambit, F|100/100\n|-damage|p1a: Kingambit|94/100|[from] Stealth Rock\n|-activate|p1a: Kingambit|ability: Supreme Overlord\n|-start|p1a: Kingambit|fallen4|[silent]\n|turn|19\n|\n|t:|1788270520\n|move|p2a: Kingambit|Kowtow Cleave|p1a: Kingambit\n|-resisted|p1a: Kingambit\n|-damage|p1a: Kingambit|48/100\n|move|p1a: Kingambit|Kowtow Cleave|p2a: Kingambit\n|-resisted|p2a: Kingambit\n|-damage|p2a: Kingambit|49/100 brn\n|\n|-heal|p1a: Kingambit|54/100|[from] item: Leftovers\n|-damage|p2a: Kingambit|43/100 brn|[from] brn\n|upkeep\n|turn|20\n|\n|t:|1788270524\n|move|p2a: Kingambit|Kowtow Cleave|p1a: Kingambit\n|-resisted|p1a: Kingambit\n|-damage|p1a: Kingambit|13/100\n|move|p1a: Kingambit|Kowtow Cleave|p2a: Kingambit\n|-resisted|p2a: Kingambit\n|-damage|p2a: Kingambit|14/100 brn\n|\n|-heal|p1a: Kingambit|19/100|[from] item: Leftovers\n|-damage|p2a: Kingambit|8/100 brn|[from] brn\n|upkeep\n|turn|21\n|\n|t:|1788270527\n|move|p1a: Kingambit|Sucker Punch|p2a: Kingambit\n|-resisted|p2a: Kingambit\n|-damage|p2a: Kingambit|0 fnt\n|faint|p2a: Kingambit\n|-end|p2a: Kingambit|fallen3|[silent]\n|\n|-heal|p1a: Kingambit|25/100|[from] item: Leftovers\n|upkeep\n|\n|t:|1788270530\n|switch|p2a: Dragonite|Dragonite, F|100/100\n|turn|22\n|\n|t:|1788270534\n|-end|p1a: Kingambit|fallen4|[silent]\n|switch|p1a: Dragapult|Dragapult, M|55/100\n|-damage|p1a: Dragapult|43/100|[from] Stealth Rock\n|move|p2a: Dragonite|Fire Punch|p1a: Dragapult\n|-resisted|p1a: Dragapult\n|-damage|p1a: Dragapult|17/100\n|-status|p1a: Dragapult|brn\n|-damage|p2a: Dragonite|91/100|[from] item: Life Orb\n|\n|-damage|p1a: Dragapult|11/100 brn|[from] brn\n|upkeep\n|turn|23\n|\n|t:|1788270543\n|move|p1a: Dragapult|Will-O-Wisp|p2a: Dragonite\n|-status|p2a: Dragonite|brn\n|move|p2a: Dragonite|Fire Punch|p1a: Dragapult\n|-resisted|p1a: Dragapult\n|-damage|p1a: Dragapult|0 fnt\n|faint|p1a: Dragapult\n|-damage|p2a: Dragonite|81/100 brn|[from] item: Life Orb\n|\n|-damage|p2a: Dragonite|74/100 brn|[from] brn\n|upkeep\n|\n|t:|1788270546\n|switch|p1a: Kingambit|Kingambit, F|25/100\n|-damage|p1a: Kingambit|19/100|[from] Stealth Rock\n|-activate|p1a: Kingambit|ability: Supreme Overlord\n|-start|p1a: Kingambit|fallen5|[silent]\n|turn|24\n|\n|t:|1788270551\n|move|p1a: Kingambit|Sucker Punch|p2a: Dragonite\n|-damage|p2a: Dragonite|10/100 brn\n|move|p2a: Dragonite|Fire Punch|p1a: Kingambit\n|-supereffective|p1a: Kingambit\n|-damage|p1a: Kingambit|0 fnt\n|faint|p1a: Kingambit\n|-end|p1a: Kingambit|fallen5|[silent]\n|-damage|p2a: Dragonite|0 fnt|[from] item: Life Orb\n|faint|p2a: Dragonite\n|\n|win|OUZQ Crocodile\n|raw|Yibril's rating: 1544 &rarr; <strong>1533</strong><br />(-11 for losing)\n|raw|OUZQ Crocodile's rating: 1715 &rarr; <strong>1726</strong><br />(+11 for winning)\n|l|\u2606Yibril\n|player|p1|\n|l|\u2606OUZQ Crocodile\n|player|p2|\n", "uploadtime": 1788270804, "views": "2", "formatid": "gen9ou", "rating": 1533, "private": 0, "password": null}