{"id": "gen9ou-2674010914", "format": "[Gen 9] OU", "players": ["Syushi", "GavilarKholin"], "log": "|badge|p2|bronze|gen9lc|100-10\n|uhtml|medal-msg|<div class=\"broadcast-blue\">Curious what those medals under the avatar are? PS now has Ladder Seasons! For more information, check out the <a href=\"https://www.smogon.com/forums/threads/3740067/\">thread on Smogon.</a></div>\n|j|\u2606Syushi\n|j|\u2606GavilarKholin\n|t:|1788287917\n|gametype|singles\n|player|p1|Syushi|jogger|1657\n|player|p2|GavilarKholin|fantina|1688\n|gen|9\n|tier|[Gen 9] OU\n|rated|\n|rule|HP Percentage Mod: HP is shown in percentages\n|rule|Endless Battle Clause: Forcing endless battles is banned\n|rule|Species Clause: Limit one of each Pok\u00e9mon\n|rule|OHKO Clause: OHKO moves are banned\n|rule|Evasion Items Clause: Evasion items are banned\n|rule|Evasion Moves Clause: Evasion moves are banned\n|rule|Evasion Abilities Clause: Evasion abilities are banned\n|rule|Sleep Moves Clause: Sleep-inducing moves are banned\n|clearpoke\n|poke|p1|Darkrai|\n|poke|p1|Corviknight, F|\n|poke|p1|Landorus-Therian, M|\n|poke|p1|Primarina, M|\n|poke|p1|Ogerpon-Cornerstone, F|\n|poke|p1|Raging Bolt|\n|poke|p2|Alomomola, F|\n|poke|p2|Iron Crown|\n|poke|p2|Zamazenta-*|\n|poke|p2|Pecharunt|\n|poke|p2|Gliscor, F|\n|poke|p2|Weavile, M|\n|teampreview\n|inactive|Battle timer is ON: inactive players will automatically lose when time's up. (requested by Syushi)\n|\n|t:|1788287936\n|teamsize|p1|6\n|teamsize|p2|6\n|start\n|switch|p1a: Darkrai|Darkrai|100/100\n|switch|p2a: Iron Crown|Iron Crown|100/100\n|turn|1\n|\n|t:|1788287940\n|-terastallize|p2a: Iron Crown|Steel\n|move|p1a: Darkrai|Dark Pulse|p2a: Iron Crown\n|-damage|p2a: Iron Crown|36/100\n|cant|p2a: Iron Crown|flinch\n|\n|upkeep\n|turn|2\n|\n|t:|1788287945\n|-end|p2a: Iron Crown|Quark Drive|[silent]\n|switch|p2a: Alomomola|Alomomola, F|100/100\n|move|p1a: Darkrai|Dark Pulse|p2a: Alomomola\n|-damage|p2a: Alomomola|56/100\n|\n|upkeep\n|turn|3\n|\n|t:|1788287948\n|move|p1a: Darkrai|Dark Pulse|p2a: Alomomola\n|-damage|p2a: Alomomola|7/100\n|move|p2a: Alomomola|Flip Turn|p1a: Darkrai\n|-damage|p1a: Darkrai|77/100\n|\n|t:|1788287952\n|switch|p2a: Zamazenta|Zamazenta|100/100|[from] Flip Turn\n|-ability|p2a: Zamazenta|Dauntless Shield|boost\n|-boost|p2a: Zamazenta|def|1\n|\n|upkeep\n|turn|4\n|\n|t:|1788287956\n|switch|p2a: Gliscor|Gliscor, F|100/100\n|switch|p1a: Landorus|Landorus-Therian, M|100/100\n|-ability|p1a: Landorus|Intimidate|boost\n|-unboost|p2a: Gliscor|atk|1\n|\n|-status|p2a: Gliscor|tox|[from] item: Toxic Orb\n|upkeep\n|turn|5\n|\n|t:|1788287962\n|move|p1a: Landorus|Stealth Rock|p2a: Gliscor\n|-sidestart|p2: GavilarKholin|move: Stealth Rock\n|move|p2a: Gliscor|Toxic|p1a: Landorus|[miss]\n|-miss|p2a: Gliscor|p1a: Landorus\n|\n|upkeep\n|turn|6\n|\n|t:|1788287971\n|switch|p1a: Corviknight|Corviknight, F|100/100\n|-ability|p1a: Corviknight|Pressure\n|move|p2a: Gliscor|Spikes|p1a: Corviknight\n|-sidestart|p1: Syushi|Spikes\n|\n|upkeep\n|turn|7\n|\n|t:|1788287975\n|switch|p2a: Alomomola|Alomomola, F|40/100\n|move|p1a: Corviknight|U-turn|p2a: Alomomola\n|-damage|p2a: Alomomola|29/100\n|\n|t:|1788287977\n|switch|p1a: Darkrai|Darkrai|77/100|[from] U-turn\n|-damage|p1a: Darkrai|65/100|[from] Spikes\n|\n|upkeep\n|turn|8\n|\n|t:|1788287981\n|move|p2a: Alomomola|Protect|p2a: Alomomola\n|-singleturn|p2a: Alomomola|Protect\n|move|p1a: Darkrai|Dark Pulse|p2a: Alomomola\n|-activate|p2a: Alomomola|move: Protect\n|\n|upkeep\n|turn|9\n|\n|t:|1788287983\n|switch|p2a: Zamazenta|Zamazenta|100/100\n|move|p1a: Darkrai|Dark Pulse|p2a: Zamazenta\n|-resisted|p2a: Zamazenta\n|-damage|p2a: Zamazenta|69/100\n|\n|upkeep\n|turn|10\n|\n|t:|1788287986\n|switch|p1a: Corviknight|Corviknight, F|100/100\n|-ability|p1a: Corviknight|Pressure\n|move|p2a: Zamazenta|Close Combat|p1a: Corviknight\n|-damage|p1a: Corviknight|64/100\n|-unboost|p2a: Zamazenta|def|1\n|-unboost|p2a: Zamazenta|spd|1\n|-damage|p2a: Zamazenta|52/100|[from] item: Rocky Helmet|[of] p1a: Corviknight\n|\n|upkeep\n|turn|11\n|\n|t:|1788287990\n|switch|p2a: Alomomola|Alomomola, F|62/100\n|move|p1a: Corviknight|U-turn|p2a: Alomomola\n|-damage|p2a: Alomomola|51/100\n|\n|t:|1788288001\n|switch|p1a: Darkrai|Darkrai|65/100|[from] U-turn\n|-damage|p1a: Darkrai|52/100|[from] Spikes\n|\n|upkeep\n|turn|12\n|\n|t:|1788288004\n|move|p2a: Alomomola|Protect|p2a: Alomomola\n|-singleturn|p2a: Alomomola|Protect\n|move|p1a: Darkrai|Dark Pulse|p2a: Alomomola\n|-activate|p2a: Alomomola|move: Protect\n|\n|upkeep\n|turn|13\n|\n|t:|1788288015\n|switch|p2a: Zamazenta|Zamazenta|52/100\n|move|p1a: Darkrai|Dark Pulse|p2a: Zamazenta\n|-resisted|p2a: Zamazenta\n|-damage|p2a: Zamazenta|20/100\n|\n|upkeep\n|turn|14\n|\n|t:|1788288018\n|switch|p2a: Alomomola|Alomomola, F|84/100\n|switch|p1a: Corviknight|Corviknight, F|64/100\n|-ability|p1a: Corviknight|Pressure\n|\n|upkeep\n|turn|15\n|\n|t:|1788288022\n|move|p1a: Corviknight|U-turn|p2a: Alomomola\n|-damage|p2a: Alomomola|72/100\n|\n|t:|1788288030\n|switch|p1a: Raging Bolt|Raging Bolt|100/100|[from] U-turn\n|-damage|p1a: Raging Bolt|88/100|[from] Spikes\n|move|p2a: Alomomola|Wish|p2a: Alomomola\n|\n|-heal|p1a: Raging Bolt|94/100|[from] item: Leftovers\n|upkeep\n|turn|16\n|\n|t:|1788288036\n|switch|p2a: Gliscor|Gliscor, F|100/100 tox\n|-damage|p2a: Gliscor|88/100 tox|[from] Stealth Rock\n|move|p1a: Raging Bolt|Calm Mind|p1a: Raging Bolt\n|-boost|p1a: Raging Bolt|spa|1\n|-boost|p1a: Raging Bolt|spd|1\n|\n|-heal|p2a: Gliscor|100/100 tox|[from] move: Wish|[wisher] Alomomola\n|-heal|p1a: Raging Bolt|100/100|[from] item: Leftovers\n|upkeep\n|turn|17\n|\n|t:|1788288041\n|move|p1a: Raging Bolt|Dragon Pulse|p2a: Gliscor\n|-damage|p2a: Gliscor|25/100 tox\n|move|p2a: Gliscor|Earthquake|p1a: Raging Bolt\n|-supereffective|p1a: Raging Bolt\n|-damage|p1a: Raging Bolt|35/100\n|\n|-heal|p1a: Raging Bolt|41/100|[from] item: Leftovers\n|-heal|p2a: Gliscor|37/100 tox|[from] ability: Poison Heal\n|upkeep\n|turn|18\n|\n|t:|1788288063\n|move|p2a: Gliscor|Protect|p2a: Gliscor\n|-singleturn|p2a: Gliscor|Protect\n|move|p1a: Raging Bolt|Dragon Pulse|p2a: Gliscor\n|-activate|p2a: Gliscor|move: Protect\n|\n|-heal|p1a: Raging Bolt|47/100|[from] item: Leftovers\n|-heal|p2a: Gliscor|50/100 tox|[from] ability: Poison Heal\n|upkeep\n|turn|19\n|\n|t:|1788288065\n|switch|p2a: Zamazenta|Zamazenta|20/100\n|move|p1a: Raging Bolt|Dragon Pulse|p2a: Zamazenta\n|-damage|p2a: Zamazenta|0 fnt\n|faint|p2a: Zamazenta\n|\n|-heal|p1a: Raging Bolt|53/100|[from] item: Leftovers\n|upkeep\n|\n|t:|1788288066\n|switch|p2a: Weavile|Weavile, M|100/100\n|-ability|p2a: Weavile|Pressure\n|turn|20\n|\n|t:|1788288076\n|-end|p1a: Raging Bolt|Protosynthesis|[silent]\n|switch|p1a: Corviknight|Corviknight, F|64/100\n|-ability|p1a: Corviknight|Pressure\n|move|p2a: Weavile|Knock Off|p1a: Corviknight\n|-damage|p1a: Corviknight|38/100\n|-damage|p2a: Weavile|84/100|[from] item: Rocky Helmet|[of] p1a: Corviknight\n|-enditem|p1a: Corviknight|Rocky Helmet|[from] move: Knock Off|[of] p2a: Weavile\n|\n|upkeep\n|turn|21\n|\n|t:|1788288088\n|switch|p2a: Gliscor|Gliscor, F|50/100 tox\n|-damage|p2a: Gliscor|37/100 tox|[from] Stealth Rock\n|move|p1a: Corviknight|Roost|p1a: Corviknight\n|-heal|p1a: Corviknight|88/100\n|-singleturn|p1a: Corviknight|move: Roost\n|\n|-heal|p2a: Gliscor|50/100 tox|[from] ability: Poison Heal\n|upkeep\n|turn|22\n|\n|t:|1788288096\n|move|p2a: Gliscor|Protect|p2a: Gliscor\n|-singleturn|p2a: Gliscor|Protect\n|move|p1a: Corviknight|U-turn|p2a: Gliscor\n|-activate|p2a: Gliscor|move: Protect\n|\n|-heal|p2a: Gliscor|62/100 tox|[from] ability: Poison Heal\n|upkeep\n|turn|23\n|\n|t:|1788288102\n|move|p2a: Gliscor|Spikes|p1a: Corviknight\n|-sidestart|p1: Syushi|Spikes\n|move|p1a: Corviknight|U-turn|p2a: Gliscor\n|-resisted|p2a: Gliscor\n|-damage|p2a: Gliscor|57/100 tox\n|\n|t:|1788288105\n|switch|p1a: Darkrai|Darkrai|52/100|[from] U-turn\n|-damage|p1a: Darkrai|36/100|[from] Spikes\n|\n|-heal|p2a: Gliscor|70/100 tox|[from] ability: Poison Heal\n|upkeep\n|turn|24\n|\n|t:|1788288109\n|move|p2a: Gliscor|Protect|p2a: Gliscor\n|-singleturn|p2a: Gliscor|Protect\n|move|p1a: Darkrai|Dark Pulse|p2a: Gliscor\n|-activate|p2a: Gliscor|move: Protect\n|\n|-heal|p2a: Gliscor|82/100 tox|[from] ability: Poison Heal\n|upkeep\n|turn|25\n|\n|t:|1788288112\n|move|p1a: Darkrai|Dark Pulse|p2a: Gliscor\n|-damage|p2a: Gliscor|20/100 tox\n|move|p2a: Gliscor|Earthquake|p1a: Darkrai\n|-damage|p1a: Darkrai|0 fnt\n|faint|p1a: Darkrai\n|\n|-heal|p2a: Gliscor|33/100 tox|[from] ability: Poison Heal\n|upkeep\n|\n|t:|1788288133\n|switch|p1a: Ogerpon|Ogerpon-Cornerstone, F|100/100\n|-damage|p1a: Ogerpon|84/100|[from] Spikes\n|turn|26\n|\n|t:|1788288139\n|switch|p2a: Pecharunt|Pecharunt|100/100\n|move|p1a: Ogerpon|Swords Dance|p1a: Ogerpon\n|-boost|p1a: Ogerpon|atk|2\n|\n|upkeep\n|turn|27\n|\n|t:|1788288144\n|move|p1a: Ogerpon|Ivy Cudgel|p2a: Pecharunt|[anim] Ivy Cudgel Rock\n|-damage|p2a: Pecharunt|41/100\n|move|p2a: Pecharunt|Foul Play|p1a: Ogerpon\n|-damage|p1a: Ogerpon|6/100\n|\n|upkeep\n|turn|28\n|\n|t:|1788288152\n|move|p1a: Ogerpon|Ivy Cudgel|p2a: Pecharunt|[anim] Ivy Cudgel Rock\n|-damage|p2a: Pecharunt|0 fnt\n|faint|p2a: Pecharunt\n|\n|upkeep\n|\n|t:|1788288155\n|switch|p2a: Weavile|Weavile, M|84/100\n|-ability|p2a: Weavile|Pressure\n|turn|29\n|\n|t:|1788288163\n|switch|p1a: Corviknight|Corviknight, F|88/100\n|-ability|p1a: Corviknight|Pressure\n|move|p2a: Weavile|Knock Off|p1a: Corviknight\n|-damage|p1a: Corviknight|67/100\n|\n|upkeep\n|turn|30\n|\n|t:|1788288169\n|switch|p2a: Alomomola|Alomomola, F|100/100\n|move|p1a: Corviknight|Defog|p2a: Alomomola\n|-unboost|p2a: Alomomola|evasion|1\n|-sideend|p2: GavilarKholin|Stealth Rock|[from] move: Defog|[of] p1a: Corviknight\n|-sideend|p1: Syushi|Spikes|[from] move: Defog|[of] p1a: Corviknight\n|\n|upkeep\n|turn|31\n|\n|t:|1788288174\n|move|p1a: Corviknight|U-turn|p2a: Alomomola\n|-damage|p2a: Alomomola|90/100\n|\n|t:|1788288175\n|switch|p1a: Raging Bolt|Raging Bolt|53/100|[from] U-turn\n|move|p2a: Alomomola|Flip Turn|p1a: Raging Bolt\n|-resisted|p1a: Raging Bolt\n|-damage|p1a: Raging Bolt|44/100\n|\n|t:|1788288184\n|switch|p2a: Weavile|Weavile, M|84/100|[from] Flip Turn\n|-ability|p2a: Weavile|Pressure\n|\n|-heal|p1a: Raging Bolt|51/100|[from] item: Leftovers\n|upkeep\n|turn|32\n|\n|t:|1788288188\n|-end|p1a: Raging Bolt|Protosynthesis|[silent]\n|switch|p1a: Corviknight|Corviknight, F|67/100\n|-ability|p1a: Corviknight|Pressure\n|move|p2a: Weavile|Triple Axel|p1a: Corviknight\n|-damage|p1a: Corviknight|61/100\n|-damage|p1a: Corviknight|49/100\n|-damage|p1a: Corviknight|30/100\n|-hitcount|p1a: Corviknight|3\n|\n|upkeep\n|turn|33\n|\n|t:|1788288195\n|move|p2a: Weavile|Triple Axel|p1a: Corviknight\n|-damage|p1a: Corviknight|25/100\n|-damage|p1a: Corviknight|13/100\n|-damage|p1a: Corviknight|0 fnt\n|faint|p1a: Corviknight\n|-hitcount|p1: Corviknight|3\n|\n|upkeep\n|\n|t:|1788288197\n|switch|p1a: Primarina|Primarina, M|100/100\n|turn|34\n|\n|t:|1788288202\n|switch|p2a: Alomomola|Alomomola, F|100/100\n|move|p1a: Primarina|Moonblast|p2a: Alomomola\n|-damage|p2a: Alomomola|65/100\n|-unboost|p2a: Alomomola|spa|1\n|\n|upkeep\n|turn|35\n|\n|t:|1788288231\n|move|p1a: Primarina|Psychic Noise|p2a: Alomomola\n|-damage|p2a: Alomomola|46/100\n|-start|p2a: Alomomola|move: Heal Block\n|move|p2a: Alomomola|Flip Turn|p1a: Primarina\n|-resisted|p1a: Primarina\n|-damage|p1a: Primarina|91/100\n|\n|t:|1788288235\n|switch|p2a: Iron Crown|Iron Crown, tera:Steel|36/100|[from] Flip Turn\n|\n|upkeep\n|turn|36\n|\n|t:|1788288244\n|move|p2a: Iron Crown|Volt Switch|p1a: Primarina\n|-supereffective|p1a: Primarina\n|-damage|p1a: Primarina|56/100\n|\n|t:|1788288247\n|-end|p2a: Iron Crown|Quark Drive|[silent]\n|switch|p2a: Alomomola|Alomomola, F|80/100|[from] Volt Switch\n|move|p1a: Primarina|Surf|p2a: Alomomola\n|-resisted|p2a: Alomomola\n|-damage|p2a: Alomomola|62/100\n|\n|upkeep\n|turn|37\n|\n|t:|1788288250\n|move|p1a: Primarina|Moonblast|p2a: Alomomola\n|-damage|p2a: Alomomola|22/100\n|move|p2a: Alomomola|Flip Turn|p1a: Primarina\n|-resisted|p1a: Primarina\n|-crit|p1a: Primarina\n|-damage|p1a: Primarina|41/100\n|\n|t:|1788288267\n|switch|p2a: Iron Crown|Iron Crown, tera:Steel|36/100|[from] Flip Turn\n|\n|upkeep\n|turn|38\n|\n|t:|1788288297\n|move|p2a: Iron Crown|Tachyon Cutter|p1a: Primarina\n|-damage|p1a: Primarina|12/100\n|-damage|p1a: Primarina|0 fnt\n|faint|p1a: Primarina\n|-hitcount|p1: Primarina|2\n|\n|upkeep\n|\n|t:|1788288304\n|switch|p1a: Ogerpon|Ogerpon-Cornerstone, F|6/100\n|turn|39\n|\n|t:|1788288310\n|move|p1a: Ogerpon|Low Kick|p2a: Iron Crown\n|-supereffective|p2a: Iron Crown\n|-damage|p2a: Iron Crown|0 fnt\n|faint|p2a: Iron Crown\n|-end|p2a: Iron Crown|Quark Drive|[silent]\n|\n|upkeep\n|\n|t:|1788288321\n|switch|p2a: Weavile|Weavile, M|84/100\n|-ability|p2a: Weavile|Pressure\n|turn|40\n|\n|t:|1788288330\n|move|p2a: Weavile|Knock Off|p1a: Ogerpon\n|-damage|p1a: Ogerpon|0 fnt\n|faint|p1a: Ogerpon\n|\n|upkeep\n|inactive|Syushi has 120 seconds left.\n|\n|t:|1788288369\n|switch|p1a: Landorus|Landorus-Therian, M|100/100\n|-ability|p1a: Landorus|Intimidate|boost\n|-unboost|p2a: Weavile|atk|1\n|turn|41\n|inactive|GavilarKholin has 120 seconds left.\n|\n|t:|1788288409\n|-terastallize|p1a: Landorus|Water\n|move|p2a: Weavile|Triple Axel|p1a: Landorus\n|-resisted|p1a: Landorus\n|-damage|p1a: Landorus|97/100\n|-resisted|p1a: Landorus\n|-damage|p1a: Landorus|89/100\n|-resisted|p1a: Landorus\n|-damage|p1a: Landorus|78/100\n|-hitcount|p1a: Landorus|3\n|move|p1a: Landorus|U-turn|p2a: Weavile\n|-supereffective|p2a: Weavile\n|-damage|p2a: Weavile|0 fnt\n|faint|p2a: Weavile\n|\n|t:|1788288413\n|switch|p1a: Raging Bolt|Raging Bolt|51/100|[from] U-turn\n|\n|-heal|p1a: Raging Bolt|57/100|[from] item: Leftovers\n|upkeep\n|\n|t:|1788288418\n|switch|p2a: Alomomola|Alomomola, F|56/100\n|turn|42\n|\n|t:|1788288423\n|switch|p2a: Gliscor|Gliscor, F|33/100 tox\n|move|p1a: Raging Bolt|Thunderbolt|p2a: Gliscor\n|-immune|p2a: Gliscor\n|\n|-heal|p1a: Raging Bolt|63/100|[from] item: Leftovers\n|-heal|p2a: Gliscor|45/100 tox|[from] ability: Poison Heal\n|upkeep\n|turn|43\n|\n|t:|1788288430\n|-end|p1a: Raging Bolt|Protosynthesis|[silent]\n|switch|p1a: Landorus|Landorus-Therian, M, tera:Water|78/100\n|-ability|p1a: Landorus|Intimidate|boost\n|-unboost|p2a: Gliscor|atk|1\n|move|p2a: Gliscor|Earthquake|p1a: Landorus\n|-damage|p1a: Landorus|54/100\n|\n|-heal|p2a: Gliscor|58/100 tox|[from] ability: Poison Heal\n|upkeep\n|turn|44\n|\n|t:|1788288438\n|move|p2a: Gliscor|Protect|p2a: Gliscor\n|-singleturn|p2a: Gliscor|Protect\n|move|p1a: Landorus|Stealth Rock|p2a: Gliscor\n|-sidestart|p2: GavilarKholin|move: Stealth Rock\n|\n|-heal|p2a: Gliscor|70/100 tox|[from] ability: Poison Heal\n|upkeep\n|turn|45\n|\n|t:|1788288447\n|move|p1a: Landorus|Stone Edge|p2a: Gliscor\n|-damage|p2a: Gliscor|40/100 tox\n|move|p2a: Gliscor|Toxic|p1a: Landorus\n|-status|p1a: Landorus|tox\n|\n|-damage|p1a: Landorus|48/100 tox|[from] psn\n|-heal|p2a: Gliscor|52/100 tox|[from] ability: Poison Heal\n|upkeep\n|turn|46\n|\n|t:|1788288451\n|move|p2a: Gliscor|Protect|p2a: Gliscor\n|-singleturn|p2a: Gliscor|Protect\n|move|p1a: Landorus|Stone Edge|p2a: Gliscor\n|-activate|p2a: Gliscor|move: Protect\n|\n|-damage|p1a: Landorus|36/100 tox|[from] psn\n|-heal|p2a: Gliscor|65/100 tox|[from] ability: Poison Heal\n|upkeep\n|turn|47\n|\n|t:|1788288461\n|move|p1a: Landorus|Stone Edge|p2a: Gliscor\n|-damage|p2a: Gliscor|36/100 tox\n|move|p2a: Gliscor|Spikes|p1a: Landorus\n|-sidestart|p1: Syushi|Spikes\n|\n|-damage|p1a: Landorus|18/100 tox|[from] psn\n|-heal|p2a: Gliscor|48/100 tox|[from] ability: Poison Heal\n|upkeep\n|turn|48\n|\n|t:|1788288465\n|switch|p1a: Raging Bolt|Raging Bolt|63/100\n|-damage|p1a: Raging Bolt|51/100|[from] Spikes\n|move|p2a: Gliscor|Protect||[still]\n|-fail|p2a: Gliscor\n|\n|-heal|p1a: Raging Bolt|57/100|[from] item: Leftovers\n|-heal|p2a: Gliscor|61/100 tox|[from] ability: Poison Heal\n|upkeep\n|turn|49\n|j| A Tub Of Lard\n|\n|t:|1788288471\n|move|p1a: Raging Bolt|Dragon Pulse|p2a: Gliscor\n|-damage|p2a: Gliscor|17/100 tox\n|move|p2a: Gliscor|Earthquake|p1a: Raging Bolt\n|-supereffective|p1a: Raging Bolt\n|-damage|p1a: Raging Bolt|13/100\n|\n|-heal|p1a: Raging Bolt|19/100|[from] item: Leftovers\n|-heal|p2a: Gliscor|29/100 tox|[from] ability: Poison Heal\n|upkeep\n|turn|50\n|\n|t:|1788288479\n|move|p2a: Gliscor|Protect|p2a: Gliscor\n|-singleturn|p2a: Gliscor|Protect\n|move|p1a: Raging Bolt|Dragon Pulse|p2a: Gliscor\n|-activate|p2a: Gliscor|move: Protect\n|\n|-heal|p1a: Raging Bolt|26/100|[from] item: Leftovers\n|-heal|p2a: Gliscor|42/100 tox|[from] ability: Poison Heal\n|upkeep\n|turn|51\n|inactive|GavilarKholin has 120 seconds left.\n|\n|t:|1788288525\n|switch|p2a: Alomomola|Alomomola, F|89/100\n|move|p1a: Raging Bolt|Dragon Pulse|p2a: Alomomola\n|-damage|p2a: Alomomola|49/100\n|\n|-heal|p1a: Raging Bolt|32/100|[from] item: Leftovers\n|upkeep\n|turn|52\n|\n|t:|1788288534\n|switch|p2a: Gliscor|Gliscor, F|42/100 tox\n|-damage|p2a: Gliscor|29/100 tox|[from] Stealth Rock\n|move|p1a: Raging Bolt|Calm Mind|p1a: Raging Bolt\n|-boost|p1a: Raging Bolt|spa|1\n|-boost|p1a: Raging Bolt|spd|1\n|\n|-heal|p1a: Raging Bolt|38/100|[from] item: Leftovers\n|-heal|p2a: Gliscor|42/100 tox|[from] ability: Poison Heal\n|upkeep\n|turn|53\n|\n|t:|1788288546\n|move|p1a: Raging Bolt|Dragon Pulse|p2a: Gliscor\n|-damage|p2a: Gliscor|0 fnt\n|faint|p2a: Gliscor\n|\n|-heal|p1a: Raging Bolt|44/100|[from] item: Leftovers\n|upkeep\n|\n|t:|1788288548\n|switch|p2a: Alomomola|Alomomola, F|82/100\n|turn|54\n|\n|t:|1788288550\n|move|p1a: Raging Bolt|Thunderbolt|p2a: Alomomola\n|-supereffective|p2a: Alomomola\n|-crit|p2a: Alomomola\n|-damage|p2a: Alomomola|0 fnt\n|faint|p2a: Alomomola\n|\n|win|Syushi\n|raw|Syushi's rating: 1657 &rarr; <strong>1679</strong><br />(+22 for winning)\n|raw|GavilarKholin's rating: 1688 &rarr; <strong>1666</strong><br />(-22 for losing)\n|l|\u2606GavilarKholin\n|player|p2|\n|l| A Tub Of Lard\n|l|\u2606Syushi\n|player|p1|\n", "uploadtime": 1788288553, "views": "9", "formatid": "gen9ou", "rating": 1666, "private": 0, "password": null}