{"id": "gen9ou-2673858975", "format": "[Gen 9] OU", "players": ["kangarooteam1", "WiildSide"], "log": "|j|\u2606kangarooteam1\n|j|\u2606WiildSide\n|t:|1788269559\n|gametype|singles\n|player|p1|kangarooteam1|1|1565\n|player|p2|WiildSide|striker|1507\n|gen|9\n|tier|[Gen 9] OU\n|rated|\n|rule|HP Percentage Mod: HP is shown in percentages\n|rule|Endless Battle Clause: Forcing endless battles is banned\n|rule|Species Clause: Limit one of each Pok\u00e9mon\n|rule|OHKO Clause: OHKO moves are banned\n|rule|Evasion Items Clause: Evasion items are banned\n|rule|Evasion Moves Clause: Evasion moves are banned\n|rule|Evasion Abilities Clause: Evasion abilities are banned\n|rule|Sleep Moves Clause: Sleep-inducing moves are banned\n|clearpoke\n|poke|p1|Great Tusk|\n|poke|p1|Gholdengo|\n|poke|p1|Raging Bolt|\n|poke|p1|Iron Valiant|\n|poke|p1|Ogerpon-Wellspring, F|\n|poke|p1|Kingambit, M|\n|poke|p2|Cresselia, F|\n|poke|p2|Samurott-Hisui, M|\n|poke|p2|Garchomp, M|\n|poke|p2|Great Tusk|\n|poke|p2|Gholdengo|\n|poke|p2|Zamazenta-*|\n|teampreview\n|inactive|Battle timer is ON: inactive players will automatically lose when time's up. (requested by WiildSide)\n|inactive|kangarooteam1 also wants the timer to be on.\n|j| Slashutu\n|\n|t:|1788269574\n|teamsize|p1|6\n|teamsize|p2|6\n|start\n|switch|p1a: Raging Bolt|Raging Bolt|100/100\n|switch|p2a: Great Tusk|Great Tusk|100/100\n|turn|1\n|\n|t:|1788269580\n|-terastallize|p1a: Raging Bolt|Fairy\n|move|p2a: Great Tusk|Headlong Rush|p1a: Raging Bolt\n|-damage|p1a: Raging Bolt|49/100\n|-unboost|p2a: Great Tusk|def|1\n|-unboost|p2a: Great Tusk|spd|1\n|move|p1a: Raging Bolt|Dragon Pulse|p2a: Great Tusk\n|-damage|p2a: Great Tusk|22/100\n|\n|-heal|p1a: Raging Bolt|55/100|[from] item: Leftovers\n|upkeep\n|turn|2\n|\n|t:|1788269585\n|-end|p1a: Raging Bolt|Protosynthesis|[silent]\n|switch|p1a: Great Tusk|Great Tusk|100/100\n|move|p2a: Great Tusk|Headlong Rush|p1a: Great Tusk\n|-damage|p1a: Great Tusk|66/100\n|-unboost|p2a: Great Tusk|def|1\n|-unboost|p2a: Great Tusk|spd|1\n|\n|-heal|p1a: Great Tusk|73/100|[from] item: Leftovers\n|upkeep\n|turn|3\n|\n|t:|1788269592\n|-end|p2a: Great Tusk|Protosynthesis|[silent]\n|switch|p2a: Garchomp|Garchomp, M|100/100\n|move|p1a: Great Tusk|Stealth Rock|p2a: Garchomp\n|-sidestart|p2: WiildSide|move: Stealth Rock\n|\n|-heal|p1a: Great Tusk|79/100|[from] item: Leftovers\n|upkeep\n|turn|4\n|\n|t:|1788269598\n|move|p2a: Garchomp|Stealth Rock|p1a: Great Tusk\n|-sidestart|p1: kangarooteam1|move: Stealth Rock\n|move|p1a: Great Tusk|Earthquake|p2a: Garchomp\n|-damage|p2a: Garchomp|75/100\n|\n|-heal|p1a: Great Tusk|85/100|[from] item: Leftovers\n|upkeep\n|turn|5\n|\n|t:|1788269602\n|move|p1a: Great Tusk|Earthquake|p2a: Garchomp\n|-damage|p2a: Garchomp|46/100\n|move|p2a: Garchomp|Dragon Tail|p1a: Great Tusk\n|-damage|p1a: Great Tusk|74/100\n|-end|p1a: Great Tusk|Protosynthesis|[silent]\n|drag|p1a: Gholdengo|Gholdengo|100/100\n|-damage|p1a: Gholdengo|94/100|[from] Stealth Rock\n|-item|p1a: Gholdengo|Air Balloon\n|\n|upkeep\n|turn|6\n|\n|t:|1788269613\n|move|p1a: Gholdengo|Make It Rain|p2a: Garchomp\n|-crit|p2a: Garchomp\n|-damage|p2a: Garchomp|0 fnt\n|-unboost|p1a: Gholdengo|spa|1\n|faint|p2a: Garchomp\n|\n|upkeep\n|\n|t:|1788269621\n|switch|p2a: Samurott|Samurott-Hisui, M|100/100\n|-damage|p2a: Samurott|88/100|[from] Stealth Rock\n|turn|7\n|\n|t:|1788269625\n|switch|p1a: Great Tusk|Great Tusk|74/100\n|-damage|p1a: Great Tusk|71/100|[from] Stealth Rock\n|move|p2a: Samurott|Ceaseless Edge|p1a: Great Tusk\n|-resisted|p1a: Great Tusk\n|-damage|p1a: Great Tusk|61/100\n|-sidestart|p1: kangarooteam1|Spikes\n|\n|-heal|p1a: Great Tusk|67/100|[from] item: Leftovers\n|upkeep\n|turn|8\n|\n|t:|1788269628\n|switch|p2a: Gholdengo|Gholdengo|100/100\n|-damage|p2a: Gholdengo|94/100|[from] Stealth Rock\n|move|p1a: Great Tusk|Knock Off|p2a: Gholdengo\n|-supereffective|p2a: Gholdengo\n|-damage|p2a: Gholdengo|27/100\n|-enditem|p2a: Gholdengo|Choice Scarf|[from] move: Knock Off|[of] p1a: Great Tusk\n|\n|-heal|p1a: Great Tusk|73/100|[from] item: Leftovers\n|upkeep\n|turn|9\n|\n|t:|1788269644\n|-end|p1a: Great Tusk|Protosynthesis|[silent]\n|switch|p1a: Kingambit|Kingambit, M|100/100\n|-damage|p1a: Kingambit|94/100|[from] Stealth Rock\n|-damage|p1a: Kingambit|82/100|[from] Spikes\n|move|p2a: Gholdengo|Make It Rain|p1a: Kingambit\n|-resisted|p1a: Kingambit\n|-damage|p1a: Kingambit|53/100\n|-unboost|p2a: Gholdengo|spa|1\n|\n|-heal|p1a: Kingambit|59/100|[from] item: Leftovers\n|upkeep\n|turn|10\n|\n|t:|1788269649\n|move|p2a: Gholdengo|Thunder Wave|p1a: Kingambit|[miss]\n|-miss|p2a: Gholdengo|p1a: Kingambit\n|move|p1a: Kingambit|Iron Head|p2a: Gholdengo\n|-resisted|p2a: Gholdengo\n|-damage|p2a: Gholdengo|1/100\n|\n|-heal|p1a: Kingambit|65/100|[from] item: Leftovers\n|upkeep\n|turn|11\n|\n|t:|1788269652\n|move|p2a: Gholdengo|Thunder Wave|p1a: Kingambit\n|-status|p1a: Kingambit|par\n|cant|p1a: Kingambit|par\n|\n|-heal|p1a: Kingambit|71/100 par|[from] item: Leftovers\n|upkeep\n|turn|12\n|\n|t:|1788269656\n|move|p2a: Gholdengo|Trick|p1a: Kingambit\n|-activate|p2a: Gholdengo|move: Trick|[of] p1a: Kingambit\n|-enditem|p1a: Kingambit|Leftovers|[silent]|[from] move: Trick\n|-item|p2a: Gholdengo|Leftovers|[from] move: Trick\n|move|p1a: Kingambit|Swords Dance|p1a: Kingambit\n|-boost|p1a: Kingambit|atk|2\n|\n|-heal|p2a: Gholdengo|7/100|[from] item: Leftovers\n|upkeep\n|turn|13\n|\n|t:|1788269663\n|switch|p2a: Zamazenta|Zamazenta|100/100\n|-damage|p2a: Zamazenta|94/100|[from] Stealth Rock\n|-ability|p2a: Zamazenta|Dauntless Shield|boost\n|-boost|p2a: Zamazenta|def|1\n|cant|p1a: Kingambit|par\n|\n|-heal|p2a: Zamazenta|100/100|[from] item: Leftovers\n|upkeep\n|turn|14\n|\n|t:|1788269671\n|-end|p1a: Kingambit|fallenundefined|[silent]\n|switch|p1a: Great Tusk|Great Tusk|73/100\n|-damage|p1a: Great Tusk|70/100|[from] Stealth Rock\n|-damage|p1a: Great Tusk|58/100|[from] Spikes\n|move|p2a: Zamazenta|Roar|p1a: Great Tusk\n|-end|p1a: Great Tusk|Protosynthesis|[silent]\n|drag|p1a: Ogerpon|Ogerpon-Wellspring, F|100/100\n|-damage|p1a: Ogerpon|88/100|[from] Stealth Rock\n|-damage|p1a: Ogerpon|76/100|[from] Spikes\n|\n|upkeep\n|turn|15\n|\n|t:|1788269676\n|switch|p1a: Gholdengo|Gholdengo|94/100\n|-damage|p1a: Gholdengo|88/100|[from] Stealth Rock\n|-item|p1a: Gholdengo|Air Balloon\n|move|p2a: Zamazenta|Iron Defense|p2a: Zamazenta\n|-boost|p2a: Zamazenta|def|2\n|\n|upkeep\n|turn|16\n|\n|t:|1788269680\n|move|p2a: Zamazenta|Crunch|p1a: Gholdengo\n|-supereffective|p1a: Gholdengo\n|-damage|p1a: Gholdengo|43/100\n|-enditem|p1a: Gholdengo|Air Balloon\n|move|p1a: Gholdengo|Recover|p1a: Gholdengo\n|-heal|p1a: Gholdengo|94/100\n|\n|upkeep\n|turn|17\n|\n|t:|1788269687\n|move|p2a: Zamazenta|Crunch|p1a: Gholdengo\n|-supereffective|p1a: Gholdengo\n|-damage|p1a: Gholdengo|47/100\n|-unboost|p1a: Gholdengo|def|1\n|move|p1a: Gholdengo|Recover|p1a: Gholdengo\n|-heal|p1a: Gholdengo|97/100\n|\n|upkeep\n|turn|18\n|\n|t:|1788269692\n|switch|p1a: Iron Valiant|Iron Valiant|100/100\n|-damage|p1a: Iron Valiant|94/100|[from] Stealth Rock\n|-damage|p1a: Iron Valiant|82/100|[from] Spikes\n|-enditem|p1a: Iron Valiant|Booster Energy\n|-activate|p1a: Iron Valiant|ability: Quark Drive|[fromitem]\n|-start|p1a: Iron Valiant|quarkdrivespe\n|move|p2a: Zamazenta|Crunch|p1a: Iron Valiant\n|-resisted|p1a: Iron Valiant\n|-damage|p1a: Iron Valiant|76/100\n|\n|upkeep\n|turn|19\n|\n|t:|1788269695\n|move|p1a: Iron Valiant|Encore|p2a: Zamazenta\n|-start|p2a: Zamazenta|Encore\n|move|p2a: Zamazenta|Crunch|p1a: Iron Valiant\n|-resisted|p1a: Iron Valiant\n|-damage|p1a: Iron Valiant|68/100\n|\n|upkeep\n|turn|20\n|\n|t:|1788269703\n|switch|p2a: Gholdengo|Gholdengo|7/100\n|-damage|p2a: Gholdengo|1/100|[from] Stealth Rock\n|move|p1a: Iron Valiant|Moonblast|p2a: Gholdengo\n|-resisted|p2a: Gholdengo\n|-damage|p2a: Gholdengo|0 fnt\n|faint|p2a: Gholdengo\n|\n|upkeep\n|\n|t:|1788269708\n|switch|p2a: Cresselia|Cresselia, F|100/100\n|-damage|p2a: Cresselia|88/100|[from] Stealth Rock\n|turn|21\n|\n|t:|1788269710\n|move|p1a: Iron Valiant|Moonblast|p2a: Cresselia\n|-damage|p2a: Cresselia|58/100\n|move|p2a: Cresselia|Moonblast|p1a: Iron Valiant\n|-supereffective|p1a: Iron Valiant\n|-damage|p1a: Iron Valiant|12/100\n|-unboost|p1a: Iron Valiant|spa|1\n|\n|upkeep\n|turn|22\n|\n|t:|1788269726\n|move|p1a: Iron Valiant|Moonblast|p2a: Cresselia\n|-damage|p2a: Cresselia|37/100\n|move|p2a: Cresselia|Moonblast|p1a: Iron Valiant\n|-supereffective|p1a: Iron Valiant\n|-crit|p1a: Iron Valiant\n|-damage|p1a: Iron Valiant|0 fnt\n|faint|p1a: Iron Valiant\n|-end|p1a: Iron Valiant|Quark Drive|[silent]\n|\n|upkeep\n|\n|t:|1788269727\n|switch|p1a: Great Tusk|Great Tusk|58/100\n|-damage|p1a: Great Tusk|55/100|[from] Stealth Rock\n|-damage|p1a: Great Tusk|42/100|[from] Spikes\n|turn|23\n|\n|t:|1788269733\n|move|p1a: Great Tusk|Rapid Spin|p2a: Cresselia\n|-damage|p2a: Cresselia|29/100\n|-boost|p1a: Great Tusk|spe|1\n|-sideend|p1: kangarooteam1|Spikes|[from] move: Rapid Spin|[of] p1a: Great Tusk\n|-sideend|p1: kangarooteam1|Stealth Rock|[from] move: Rapid Spin|[of] p1a: Great Tusk\n|move|p2a: Cresselia|Moonblast|p1a: Great Tusk\n|-supereffective|p1a: Great Tusk\n|-damage|p1a: Great Tusk|0 fnt\n|faint|p1a: Great Tusk\n|-end|p1a: Great Tusk|Protosynthesis|[silent]\n|\n|upkeep\n|\n|t:|1788269734\n|switch|p1a: Raging Bolt|Raging Bolt, tera:Fairy|55/100\n|turn|24\n|\n|t:|1788269739\n|move|p2a: Cresselia|Moonlight|p2a: Cresselia\n|-heal|p2a: Cresselia|79/100\n|move|p1a: Raging Bolt|Dragon Pulse|p2a: Cresselia\n|-damage|p2a: Cresselia|48/100\n|\n|-heal|p1a: Raging Bolt|61/100|[from] item: Leftovers\n|upkeep\n|turn|25\n|\n|t:|1788269742\n|move|p2a: Cresselia|Calm Mind|p2a: Cresselia\n|-boost|p2a: Cresselia|spa|1\n|-boost|p2a: Cresselia|spd|1\n|move|p1a: Raging Bolt|Calm Mind|p1a: Raging Bolt\n|-boost|p1a: Raging Bolt|spa|1\n|-boost|p1a: Raging Bolt|spd|1\n|\n|-heal|p1a: Raging Bolt|67/100|[from] item: Leftovers\n|upkeep\n|turn|26\n|\n|t:|1788269745\n|move|p2a: Cresselia|Moonlight|p2a: Cresselia\n|-heal|p2a: Cresselia|98/100\n|move|p1a: Raging Bolt|Calm Mind|p1a: Raging Bolt\n|-boost|p1a: Raging Bolt|spa|1\n|-boost|p1a: Raging Bolt|spd|1\n|\n|-heal|p1a: Raging Bolt|73/100|[from] item: Leftovers\n|upkeep\n|turn|27\n|\n|t:|1788269749\n|move|p2a: Cresselia|Calm Mind|p2a: Cresselia\n|-boost|p2a: Cresselia|spa|1\n|-boost|p2a: Cresselia|spd|1\n|move|p1a: Raging Bolt|Thunderbolt|p2a: Cresselia\n|-damage|p2a: Cresselia|61/100\n|\n|-heal|p1a: Raging Bolt|80/100|[from] item: Leftovers\n|upkeep\n|turn|28\n|\n|t:|1788269751\n|move|p2a: Cresselia|Calm Mind|p2a: Cresselia\n|-boost|p2a: Cresselia|spa|1\n|-boost|p2a: Cresselia|spd|1\n|move|p1a: Raging Bolt|Calm Mind|p1a: Raging Bolt\n|-boost|p1a: Raging Bolt|spa|1\n|-boost|p1a: Raging Bolt|spd|1\n|\n|-heal|p1a: Raging Bolt|86/100|[from] item: Leftovers\n|upkeep\n|turn|29\n|\n|t:|1788269754\n|move|p2a: Cresselia|Calm Mind|p2a: Cresselia\n|-boost|p2a: Cresselia|spa|1\n|-boost|p2a: Cresselia|spd|1\n|move|p1a: Raging Bolt|Calm Mind|p1a: Raging Bolt\n|-boost|p1a: Raging Bolt|spa|1\n|-boost|p1a: Raging Bolt|spd|1\n|\n|-heal|p1a: Raging Bolt|92/100|[from] item: Leftovers\n|upkeep\n|turn|30\n|\n|t:|1788269756\n|move|p2a: Cresselia|Calm Mind|p2a: Cresselia\n|-boost|p2a: Cresselia|spa|1\n|-boost|p2a: Cresselia|spd|1\n|move|p1a: Raging Bolt|Thunderbolt|p2a: Cresselia\n|-damage|p2a: Cresselia|30/100\n|\n|-heal|p1a: Raging Bolt|98/100|[from] item: Leftovers\n|upkeep\n|turn|31\n|\n|t:|1788269759\n|move|p2a: Cresselia|Moonlight|p2a: Cresselia\n|-heal|p2a: Cresselia|80/100\n|move|p1a: Raging Bolt|Calm Mind|p1a: Raging Bolt\n|-boost|p1a: Raging Bolt|spa|1\n|-boost|p1a: Raging Bolt|spd|1\n|\n|-heal|p1a: Raging Bolt|100/100|[from] item: Leftovers\n|upkeep\n|turn|32\n|\n|t:|1788269762\n|move|p2a: Cresselia|Calm Mind|p2a: Cresselia\n|-boost|p2a: Cresselia|spa|1\n|-boost|p2a: Cresselia|spd|1\n|move|p1a: Raging Bolt|Thunderbolt|p2a: Cresselia\n|-damage|p2a: Cresselia|48/100\n|\n|upkeep\n|turn|33\n|\n|t:|1788269764\n|-end|p1a: Raging Bolt|Protosynthesis|[silent]\n|switch|p1a: Kingambit|Kingambit, M|71/100 par\n|-activate|p1a: Kingambit|ability: Supreme Overlord\n|-start|p1a: Kingambit|fallen2|[silent]\n|move|p2a: Cresselia|Moonlight|p2a: Cresselia\n|-heal|p2a: Cresselia|98/100\n|\n|upkeep\n|turn|34\n|\n|t:|1788269766\n|move|p2a: Cresselia|Moonblast|p1a: Kingambit\n|-damage|p1a: Kingambit|0 fnt\n|faint|p1a: Kingambit\n|-end|p1a: Kingambit|fallen2|[silent]\n|\n|upkeep\n|\n|t:|1788269766\n|switch|p1a: Ogerpon|Ogerpon-Wellspring, F|76/100\n|turn|35\n|\n|t:|1788269777\n|-terastallize|p2a: Cresselia|Poison\n|move|p1a: Ogerpon|U-turn|p2a: Cresselia\n|-resisted|p2a: Cresselia\n|-crit|p2a: Cresselia\n|-damage|p2a: Cresselia|87/100\n|\n|t:|1788269778\n|switch|p1a: Raging Bolt|Raging Bolt, tera:Fairy|100/100|[from] U-turn\n|move|p2a: Cresselia|Stored Power|p1a: Raging Bolt\n|-crit|p1a: Raging Bolt\n|-damage|p1a: Raging Bolt|0 fnt\n|faint|p1a: Raging Bolt\n|-end|p1a: Raging Bolt|Protosynthesis|[silent]\n|\n|upkeep\n|\n|t:|1788269778\n|switch|p1a: Gholdengo|Gholdengo|97/100\n|turn|36\n|\n|t:|1788269782\n|move|p1a: Gholdengo|Make It Rain|p2a: Cresselia\n|-damage|p2a: Cresselia|77/100\n|-unboost|p1a: Gholdengo|spa|1\n|move|p2a: Cresselia|Stored Power|p1a: Gholdengo\n|-resisted|p1a: Gholdengo\n|-damage|p1a: Gholdengo|0 fnt\n|faint|p1a: Gholdengo\n|\n|upkeep\n|\n|t:|1788269783\n|switch|p1a: Ogerpon|Ogerpon-Wellspring, F|76/100\n|turn|37\n|\n|t:|1788269785\n|move|p1a: Ogerpon|Horn Leech|p2a: Cresselia\n|-resisted|p2a: Cresselia\n|-damage|p2a: Cresselia|65/100\n|-heal|p1a: Ogerpon|85/100|[from] drain|[of] p2a: Cresselia\n|move|p2a: Cresselia|Stored Power|p1a: Ogerpon\n|-damage|p1a: Ogerpon|0 fnt\n|faint|p1a: Ogerpon\n|\n|win|WiildSide\n|raw|kangarooteam1's rating: 1565 &rarr; <strong>1542</strong><br />(-23 for losing)\n|raw|WiildSide's rating: 1507 &rarr; <strong>1530</strong><br />(+23 for winning)\n", "uploadtime": 1788269786, "views": "1", "formatid": "gen9ou", "rating": 1530, "private": 0, "password": null}