{"id": "gen9ou-2673868752", "format": "[Gen 9] OU", "players": ["potentiallyafraud?", "anamchara"], "log": "|j|\u2606potentiallyafraud?\n|j|\u2606anamchara\n|t:|1788270891\n|gametype|singles\n|player|p1|potentiallyafraud?|clerkf|1386\n|player|p2|anamchara|101|1423\n|gen|9\n|tier|[Gen 9] OU\n|rated|\n|rule|HP Percentage Mod: HP is shown in percentages\n|rule|Endless Battle Clause: Forcing endless battles is banned\n|rule|Species Clause: Limit one of each Pok\u00e9mon\n|rule|OHKO Clause: OHKO moves are banned\n|rule|Evasion Items Clause: Evasion items are banned\n|rule|Evasion Moves Clause: Evasion moves are banned\n|rule|Evasion Abilities Clause: Evasion abilities are banned\n|rule|Sleep Moves Clause: Sleep-inducing moves are banned\n|clearpoke\n|poke|p1|Iron Valiant|\n|poke|p1|Alomomola, L99, F|\n|poke|p1|Mandibuzz, F|\n|poke|p1|Great Tusk|\n|poke|p1|Gholdengo|\n|poke|p1|Kyurem|\n|poke|p2|Raging Bolt|\n|poke|p2|Glimmora, F|\n|poke|p2|Skeledirge, F|\n|poke|p2|Meowscarada, F|\n|poke|p2|Samurott-Hisui, M|\n|poke|p2|Dragapult, F|\n|teampreview\n|inactive|Battle timer is ON: inactive players will automatically lose when time's up. (requested by potentiallyafraud?)\n|\n|t:|1788270910\n|teamsize|p1|6\n|teamsize|p2|6\n|start\n|switch|p1a: Kyurem|Kyurem, shiny|100/100\n|switch|p2a: Meowscarada|Meowscarada, F|100/100\n|-ability|p1a: Kyurem|Pressure\n|turn|1\n|\n|t:|1788270918\n|move|p2a: Meowscarada|U-turn|p1a: Kyurem\n|-start|p2a: Meowscarada|typechange|Bug|[from] ability: Protean\n|-damage|p1a: Kyurem|70/100\n|\n|t:|1788270920\n|switch|p2a: Skeledirge|Skeledirge, F|100/100|[from] U-turn\n|move|p1a: Kyurem|Draco Meteor|p2a: Skeledirge\n|-damage|p2a: Skeledirge|41/100\n|-unboost|p1a: Kyurem|spa|2\n|\n|upkeep\n|turn|2\n|\n|t:|1788270926\n|move|p1a: Kyurem|Draco Meteor|p2a: Skeledirge\n|-damage|p2a: Skeledirge|0 fnt\n|-unboost|p1a: Kyurem|spa|2\n|faint|p2a: Skeledirge\n|\n|upkeep\n|\n|t:|1788270945\n|switch|p2a: Samurott|Samurott-Hisui, M|100/100\n|turn|3\n|\n|t:|1788270956\n|switch|p1a: Mandibuzz|Mandibuzz, F, shiny|100/100\n|move|p2a: Samurott|Ceaseless Edge|p1a: Mandibuzz\n|-resisted|p1a: Mandibuzz\n|-damage|p1a: Mandibuzz|87/100\n|-sidestart|p1: potentiallyafraud?|Spikes\n|\n|upkeep\n|turn|4\n|inactive|anamchara has 120 seconds left.\n|\n|t:|1788270986\n|move|p2a: Samurott|Flip Turn|p1a: Mandibuzz\n|-damage|p1a: Mandibuzz|71/100\n|\n|t:|1788270989\n|switch|p2a: Raging Bolt|Raging Bolt|100/100|[from] Flip Turn\n|move|p1a: Mandibuzz|U-turn|p2a: Raging Bolt\n|-damage|p2a: Raging Bolt|92/100\n|\n|t:|1788270994\n|switch|p1a: Great Tusk|Great Tusk, shiny|100/100|[from] U-turn\n|\n|upkeep\n|turn|5\n|\n|t:|1788271006\n|-terastallize|p2a: Raging Bolt|Fairy\n|move|p1a: Great Tusk|Ice Spinner|p2a: Raging Bolt\n|-damage|p2a: Raging Bolt|68/100\n|move|p2a: Raging Bolt|Dragon Pulse|p1a: Great Tusk\n|-damage|p1a: Great Tusk|1/100\n|-damage|p2a: Raging Bolt|58/100|[from] item: Life Orb\n|\n|upkeep\n|turn|6\n|\n|t:|1788271014\n|-end|p2a: Raging Bolt|Protosynthesis|[silent]\n|switch|p2a: Meowscarada|Meowscarada, F|100/100\n|move|p1a: Great Tusk|Headlong Rush|p2a: Meowscarada\n|-resisted|p2a: Meowscarada\n|-crit|p2a: Meowscarada\n|-damage|p2a: Meowscarada|33/100\n|-unboost|p1a: Great Tusk|def|1\n|-unboost|p1a: Great Tusk|spd|1\n|\n|upkeep\n|turn|7\n|inactive|potentiallyafraud? has 120 seconds left.\n|\n|t:|1788271053\n|-end|p1a: Great Tusk|Protosynthesis|[silent]\n|switch|p1a: Mandibuzz|Mandibuzz, F, shiny|71/100\n|move|p2a: Meowscarada|U-turn|p1a: Mandibuzz\n|-start|p2a: Meowscarada|typechange|Bug|[from] ability: Protean\n|-damage|p1a: Mandibuzz|52/100\n|\n|t:|1788271063\n|switch|p2a: Glimmora|Glimmora, F|100/100|[from] U-turn\n|\n|upkeep\n|turn|8\n|\n|t:|1788271070\n|switch|p1a: Alomomola|Alomomola, L99, F, shiny|100/100\n|-damage|p1a: Alomomola|88/100|[from] Spikes\n|move|p2a: Glimmora|Power Gem|p1a: Alomomola\n|-damage|p1a: Alomomola|60/100\n|-damage|p2a: Glimmora|91/100|[from] item: Life Orb\n|\n|upkeep\n|turn|9\n|\n|t:|1788271094\n|move|p2a: Glimmora|Stealth Rock|p1a: Alomomola\n|-sidestart|p1: potentiallyafraud?|move: Stealth Rock\n|move|p1a: Alomomola|Mirror Coat||[still]\n|-fail|p1a: Alomomola\n|\n|upkeep\n|turn|10\n|\n|t:|1788271107\n|move|p2a: Glimmora|Energy Ball|p1a: Alomomola\n|-supereffective|p1a: Alomomola\n|-damage|p1a: Alomomola|16/100\n|-unboost|p1a: Alomomola|spd|1\n|-damage|p2a: Glimmora|81/100|[from] item: Life Orb\n|move|p1a: Alomomola|Mirror Coat|p2a: Glimmora\n|-damage|p2a: Glimmora|0 fnt\n|faint|p2a: Glimmora\n|\n|upkeep\n|\n|t:|1788271111\n|switch|p2a: Samurott|Samurott-Hisui, M|100/100\n|turn|11\n|\n|t:|1788271117\n|switch|p1a: Mandibuzz|Mandibuzz, F, shiny|52/100\n|move|p2a: Samurott|Ceaseless Edge|p1a: Mandibuzz\n|-resisted|p1a: Mandibuzz\n|-damage|p1a: Mandibuzz|39/100\n|-sidestart|p1: potentiallyafraud?|Spikes\n|\n|upkeep\n|turn|12\n|\n|t:|1788271123\n|move|p2a: Samurott|Flip Turn|p1a: Mandibuzz\n|-damage|p1a: Mandibuzz|23/100\n|\n|t:|1788271131\n|switch|p2a: Raging Bolt|Raging Bolt, tera:Fairy|58/100|[from] Flip Turn\n|move|p1a: Mandibuzz|Defog|p2a: Raging Bolt\n|-unboost|p2a: Raging Bolt|evasion|1\n|-sideend|p1: potentiallyafraud?|Spikes|[from] move: Defog|[of] p1a: Mandibuzz\n|-sideend|p1: potentiallyafraud?|Stealth Rock|[from] move: Defog|[of] p1a: Mandibuzz\n|\n|upkeep\n|turn|13\n|\n|t:|1788271138\n|switch|p1a: Alomomola|Alomomola, L99, F, shiny|50/100\n|move|p2a: Raging Bolt|Volt Switch|p1a: Alomomola\n|-supereffective|p1a: Alomomola\n|-damage|p1a: Alomomola|0 fnt\n|faint|p1a: Alomomola\n|-damage|p2a: Raging Bolt|49/100|[from] item: Life Orb\n|\n|t:|1788271144\n|-end|p2a: Raging Bolt|Protosynthesis|[silent]\n|switch|p2a: Dragapult|Dragapult, F|100/100|[from] Volt Switch\n|\n|upkeep\n|\n|t:|1788271160\n|switch|p1a: Iron Valiant|Iron Valiant, shiny|100/100\n|turn|14\n|\n|t:|1788271168\n|-end|p1a: Iron Valiant|Quark Drive|[silent]\n|switch|p1a: Mandibuzz|Mandibuzz, F, shiny|23/100\n|move|p2a: Dragapult|Shadow Ball|p1a: Mandibuzz\n|-resisted|p1a: Mandibuzz\n|-damage|p1a: Mandibuzz|0 fnt\n|faint|p1a: Mandibuzz\n|\n|upkeep\n|inactive|potentiallyafraud? has 120 seconds left.\n|\n|t:|1788271204\n|switch|p1a: Gholdengo|Gholdengo, shiny|100/100\n|turn|15\n|\n|t:|1788271211\n|move|p1a: Gholdengo|Shadow Ball|p2a: Dragapult\n|-supereffective|p2a: Dragapult\n|-damage|p2a: Dragapult|0 fnt\n|faint|p2a: Dragapult\n|\n|upkeep\n|\n|t:|1788271212\n|switch|p2a: Samurott|Samurott-Hisui, M|100/100\n|turn|16\n|\n|t:|1788271226\n|move|p1a: Gholdengo|Shadow Ball|p2a: Samurott\n|-resisted|p2a: Samurott\n|-damage|p2a: Samurott|82/100\n|move|p2a: Samurott|Flip Turn|p1a: Gholdengo\n|-damage|p1a: Gholdengo|67/100\n|\n|t:|1788271244\n|switch|p2a: Meowscarada|Meowscarada, F|33/100|[from] Flip Turn\n|\n|upkeep\n|turn|17\n|\n|t:|1788271259\n|move|p2a: Meowscarada|Knock Off|p1a: Gholdengo\n|-start|p2a: Meowscarada|typechange|Dark|[from] ability: Protean\n|-supereffective|p1a: Gholdengo\n|-damage|p1a: Gholdengo|0 fnt\n|-enditem|p1a: Gholdengo|Choice Scarf|[from] move: Knock Off|[of] p2a: Meowscarada\n|faint|p1a: Gholdengo\n|\n|upkeep\n|\n|t:|1788271263\n|switch|p1a: Iron Valiant|Iron Valiant, shiny|100/100\n|turn|18\n|\n|t:|1788271272\n|move|p2a: Meowscarada|Knock Off|p1a: Iron Valiant\n|-resisted|p1a: Iron Valiant\n|-damage|p1a: Iron Valiant|87/100\n|-enditem|p1a: Iron Valiant|Choice Specs|[from] move: Knock Off|[of] p2a: Meowscarada\n|move|p1a: Iron Valiant|Moonblast|p2a: Meowscarada\n|-supereffective|p2a: Meowscarada\n|-damage|p2a: Meowscarada|0 fnt\n|faint|p2a: Meowscarada\n|\n|upkeep\n|\n|t:|1788271274\n|switch|p2a: Raging Bolt|Raging Bolt, tera:Fairy|49/100\n|turn|19\n|\n|t:|1788271302\n|move|p2a: Raging Bolt|Thunderclap|p1a: Iron Valiant\n|-damage|p1a: Iron Valiant|0 fnt\n|faint|p1a: Iron Valiant\n|-end|p1a: Iron Valiant|Quark Drive|[silent]\n|-damage|p2a: Raging Bolt|39/100|[from] item: Life Orb\n|\n|upkeep\n|\n|t:|1788271307\n|switch|p1a: Great Tusk|Great Tusk, shiny|1/100\n|turn|20\n|\n|t:|1788271310\n|move|p1a: Great Tusk|Headlong Rush|p2a: Raging Bolt\n|-damage|p2a: Raging Bolt|0 fnt\n|-unboost|p1a: Great Tusk|def|1\n|-unboost|p1a: Great Tusk|spd|1\n|faint|p2a: Raging Bolt\n|-end|p2a: Raging Bolt|Protosynthesis|[silent]\n|\n|upkeep\n|\n|t:|1788271312\n|switch|p2a: Samurott|Samurott-Hisui, M|82/100\n|turn|21\n|\n|t:|1788271314\n|move|p2a: Samurott|Sucker Punch|p1a: Great Tusk\n|-resisted|p1a: Great Tusk\n|-crit|p1a: Great Tusk\n|-damage|p1a: Great Tusk|0 fnt\n|faint|p1a: Great Tusk\n|-end|p1a: Great Tusk|Protosynthesis|[silent]\n|\n|upkeep\n|\n|t:|1788271316\n|switch|p1a: Kyurem|Kyurem, shiny|70/100\n|-ability|p1a: Kyurem|Pressure\n|turn|22\n|\n|t:|1788271324\n|move|p1a: Kyurem|Freeze-Dry|p2a: Samurott\n|-supereffective|p2a: Samurott\n|-damage|p2a: Samurott|13/100\n|move|p2a: Samurott|Sacred Sword|p1a: Kyurem\n|-supereffective|p1a: Kyurem\n|-damage|p1a: Kyurem|0 fnt\n|faint|p1a: Kyurem\n|\n|win|anamchara\n|raw|potentiallyafraud?'s rating: 1386 &rarr; <strong>1368</strong><br />(-18 for losing)\n|raw|anamchara's rating: 1423 &rarr; <strong>1441</strong><br />(+18 for winning)\n|l|\u2606anamchara\n|player|p2|\n|l|\u2606potentiallyafraud?\n|player|p1|\n", "uploadtime": 1788271483, "views": "1", "formatid": "gen9ou", "rating": 1368, "private": 0, "password": null}