{"id": "gen9ou-2674030809", "format": "[Gen 9] OU", "players": ["Guingil", "shrek5baby"], "log": "|j|\u2606Guingil\n|j|\u2606shrek5baby\n|t:|1788290299\n|gametype|singles\n|player|p1|Guingil|266|1434\n|player|p2|shrek5baby|rood|1438\n|gen|9\n|tier|[Gen 9] OU\n|rated|\n|rule|HP Percentage Mod: HP is shown in percentages\n|rule|Endless Battle Clause: Forcing endless battles is banned\n|rule|Species Clause: Limit one of each Pok\u00e9mon\n|rule|OHKO Clause: OHKO moves are banned\n|rule|Evasion Items Clause: Evasion items are banned\n|rule|Evasion Moves Clause: Evasion moves are banned\n|rule|Evasion Abilities Clause: Evasion abilities are banned\n|rule|Sleep Moves Clause: Sleep-inducing moves are banned\n|clearpoke\n|poke|p1|Dragonite, M|\n|poke|p1|Iron Valiant|\n|poke|p1|Pecharunt|\n|poke|p1|Ogerpon-Wellspring, F|\n|poke|p1|Iron Treads|\n|poke|p1|Ting-Lu|\n|poke|p2|Magnezone|\n|poke|p2|Cinderace, F|\n|poke|p2|Regieleki|\n|poke|p2|Great Tusk|\n|poke|p2|Gholdengo|\n|poke|p2|Kyurem|\n|teampreview\n|inactive|Battle timer is ON: inactive players will automatically lose when time's up. (requested by shrek5baby)\n|\n|t:|1788290312\n|teamsize|p1|6\n|teamsize|p2|6\n|start\n|switch|p1a: Ogerpon|Ogerpon-Wellspring, F|100/100\n|switch|p2a: Poo Chainz|Cinderace, F|100/100\n|turn|1\n|\n|t:|1788290337\n|switch|p1a: Ting-Lu|Ting-Lu|100/100\n|-ability|p1a: Ting-Lu|Vessel of Ruin\n|move|p2a: Poo Chainz|Pyro Ball|p1a: Ting-Lu\n|-crit|p1a: Ting-Lu\n|-damage|p1a: Ting-Lu|28/100\n|\n|-heal|p1a: Ting-Lu|34/100|[from] item: Leftovers\n|upkeep\n|turn|2\n|\n|t:|1788290346\n|switch|p1a: Pecharunt|Pecharunt|100/100\n|-item|p1a: Pecharunt|Air Balloon\n|move|p2a: Poo Chainz|Pyro Ball|p1a: Pecharunt\n|-damage|p1a: Pecharunt|58/100\n|-enditem|p1a: Pecharunt|Air Balloon\n|\n|upkeep\n|turn|3\n|\n|t:|1788290354\n|switch|p2a: Magnum Jones|Magnezone|100/100\n|move|p1a: Pecharunt|Recover|p1a: Pecharunt\n|-heal|p1a: Pecharunt|100/100\n|\n|upkeep\n|turn|4\n|\n|t:|1788290360\n|switch|p1a: Ting-Lu|Ting-Lu|34/100\n|-ability|p1a: Ting-Lu|Vessel of Ruin\n|move|p2a: Magnum Jones|Flash Cannon|p1a: Ting-Lu\n|-damage|p1a: Ting-Lu|0 fnt\n|faint|p1a: Ting-Lu\n|\n|upkeep\n|\n|t:|1788290369\n|switch|p1a: Dragonite|Dragonite, M|100/100\n|turn|5\n|\n|t:|1788290377\n|switch|p2a: Victor Krum|Kyurem|100/100\n|-ability|p2a: Victor Krum|Pressure\n|move|p1a: Dragonite|Earthquake|p2a: Victor Krum\n|-damage|p2a: Victor Krum|63/100\n|\n|upkeep\n|turn|6\n|\n|t:|1788290386\n|-terastallize|p1a: Dragonite|Fairy\n|move|p2a: Victor Krum|Scale Shot|p1a: Dragonite\n|-immune|p1a: Dragonite\n|move|p1a: Dragonite|Dragon Dance|p1a: Dragonite\n|-boost|p1a: Dragonite|atk|1\n|-boost|p1a: Dragonite|spe|1\n|\n|upkeep\n|turn|7\n|\n|t:|1788290393\n|move|p1a: Dragonite|Dragon Dance|p1a: Dragonite\n|-boost|p1a: Dragonite|atk|1\n|-boost|p1a: Dragonite|spe|1\n|move|p2a: Victor Krum|Icicle Spear|p1a: Dragonite\n|-damage|p1a: Dragonite|93/100\n|-damage|p1a: Dragonite|79/100\n|-damage|p1a: Dragonite|65/100\n|-damage|p1a: Dragonite|49/100\n|-crit|p1a: Dragonite\n|-damage|p1a: Dragonite|28/100\n|-hitcount|p1a: Dragonite|5\n|\n|upkeep\n|turn|8\n|\n|t:|1788290407\n|move|p1a: Dragonite|Earthquake|p2a: Victor Krum\n|-damage|p2a: Victor Krum|0 fnt\n|faint|p2a: Victor Krum\n|\n|upkeep\n|\n|t:|1788290412\n|switch|p2a: Gholdengo|Gholdengo|100/100\n|-item|p2a: Gholdengo|Air Balloon\n|turn|9\n|\n|t:|1788290417\n|switch|p1a: Iron Treads|Iron Treads|100/100\n|move|p2a: Gholdengo|Make It Rain|p1a: Iron Treads\n|-resisted|p1a: Iron Treads\n|-damage|p1a: Iron Treads|48/100\n|-unboost|p2a: Gholdengo|spa|1\n|\n|-heal|p1a: Iron Treads|54/100|[from] item: Leftovers\n|upkeep\n|turn|10\n|\n|t:|1788290427\n|switch|p2a: Big Tuskackus|Great Tusk|100/100\n|-enditem|p2a: Big Tuskackus|Booster Energy\n|-activate|p2a: Big Tuskackus|ability: Protosynthesis|[fromitem]\n|-start|p2a: Big Tuskackus|protosynthesisspe\n|move|p1a: Iron Treads|Knock Off|p2a: Big Tuskackus\n|-resisted|p2a: Big Tuskackus\n|-damage|p2a: Big Tuskackus|94/100\n|\n|-heal|p1a: Iron Treads|60/100|[from] item: Leftovers\n|upkeep\n|turn|11\n|\n|t:|1788290436\n|-end|p1a: Iron Treads|Quark Drive|[silent]\n|switch|p1a: Ogerpon|Ogerpon-Wellspring, F|100/100\n|move|p2a: Big Tuskackus|Headlong Rush|p1a: Ogerpon\n|-resisted|p1a: Ogerpon\n|-damage|p1a: Ogerpon|69/100\n|-unboost|p2a: Big Tuskackus|def|1\n|-unboost|p2a: Big Tuskackus|spd|1\n|\n|upkeep\n|turn|12\n|\n|t:|1788290449\n|move|p2a: Big Tuskackus|Stealth Rock|p1a: Ogerpon\n|-sidestart|p1: Guingil|move: Stealth Rock\n|move|p1a: Ogerpon|Ivy Cudgel|p2a: Big Tuskackus|[anim] Ivy Cudgel Water\n|-supereffective|p2a: Big Tuskackus\n|-damage|p2a: Big Tuskackus|0 fnt\n|faint|p2a: Big Tuskackus\n|-end|p2a: Big Tuskackus|Protosynthesis|[silent]\n|\n|upkeep\n|\n|t:|1788290451\n|switch|p2a: Poo Chainz|Cinderace, F|100/100\n|turn|13\n|\n|t:|1788290459\n|switch|p1a: Pecharunt|Pecharunt|100/100\n|-damage|p1a: Pecharunt|88/100|[from] Stealth Rock\n|move|p2a: Poo Chainz|U-turn|p1a: Pecharunt\n|-start|p2a: Poo Chainz|typechange|Bug|[from] ability: Libero\n|-resisted|p1a: Pecharunt\n|-damage|p1a: Pecharunt|82/100\n|\n|t:|1788290461\n|switch|p2a: Magnum Jones|Magnezone|100/100|[from] U-turn\n|\n|upkeep\n|turn|14\n|\n|t:|1788290471\n|switch|p1a: Iron Treads|Iron Treads|60/100\n|-damage|p1a: Iron Treads|57/100|[from] Stealth Rock\n|move|p2a: Magnum Jones|Flash Cannon|p1a: Iron Treads\n|-resisted|p1a: Iron Treads\n|-damage|p1a: Iron Treads|0 fnt\n|faint|p1a: Iron Treads\n|-end|p1a: Iron Treads|Quark Drive|[silent]\n|\n|upkeep\n|\n|t:|1788290479\n|switch|p1a: Dragonite|Dragonite, M, tera:Fairy|28/100\n|turn|15\n|\n|t:|1788290492\n|switch|p2a: Gholdengo|Gholdengo|100/100\n|-item|p2a: Gholdengo|Air Balloon\n|move|p1a: Dragonite|Ice Spinner|p2a: Gholdengo\n|-resisted|p2a: Gholdengo\n|-damage|p2a: Gholdengo|87/100\n|-enditem|p2a: Gholdengo|Air Balloon\n|\n|upkeep\n|turn|16\n|\n|t:|1788290501\n|switch|p1a: Ogerpon|Ogerpon-Wellspring, F|69/100\n|-damage|p1a: Ogerpon|56/100|[from] Stealth Rock\n|move|p2a: Gholdengo|Shadow Ball|p1a: Ogerpon\n|-damage|p1a: Ogerpon|4/100\n|-unboost|p1a: Ogerpon|spd|1\n|\n|upkeep\n|turn|17\n|\n|t:|1788290510\n|move|p1a: Ogerpon|Ivy Cudgel|p2a: Gholdengo|[anim] Ivy Cudgel Water\n|-damage|p2a: Gholdengo|34/100\n|move|p2a: Gholdengo|Shadow Ball|p1a: Ogerpon\n|-damage|p1a: Ogerpon|0 fnt\n|faint|p1a: Ogerpon\n|\n|upkeep\n|\n|t:|1788290523\n|switch|p1a: Pecharunt|Pecharunt|82/100\n|-damage|p1a: Pecharunt|70/100|[from] Stealth Rock\n|turn|18\n|\n|t:|1788290541\n|move|p1a: Pecharunt|Shadow Ball|p2a: Gholdengo\n|-supereffective|p2a: Gholdengo\n|-damage|p2a: Gholdengo|0 fnt\n|faint|p2a: Gholdengo\n|\n|upkeep\n|\n|t:|1788290544\n|switch|p2a: Regieleki|Regieleki|100/100\n|turn|19\n|\n|t:|1788290557\n|move|p2a: Regieleki|Thunderbolt|p1a: Pecharunt\n|-damage|p1a: Pecharunt|0 fnt\n|faint|p1a: Pecharunt\n|\n|upkeep\n|\n|t:|1788290561\n|switch|p1a: Iron Valiant|Iron Valiant|100/100\n|-damage|p1a: Iron Valiant|94/100|[from] Stealth Rock\n|-enditem|p1a: Iron Valiant|Booster Energy\n|-activate|p1a: Iron Valiant|ability: Quark Drive|[fromitem]\n|-start|p1a: Iron Valiant|quarkdrivespe\n|turn|20\n|inactive|shrek5baby has 120 seconds left.\n|\n|t:|1788290597\n|move|p2a: Regieleki|Thunderbolt|p1a: Iron Valiant\n|-damage|p1a: Iron Valiant|0 fnt\n|faint|p1a: Iron Valiant\n|-end|p1a: Iron Valiant|Quark Drive|[silent]\n|\n|upkeep\n|\n|t:|1788290602\n|switch|p1a: Dragonite|Dragonite, M, tera:Fairy|28/100\n|turn|21\n|\n|t:|1788290606\n|move|p1a: Dragonite|Extreme Speed|p2a: Regieleki\n|-damage|p2a: Regieleki|38/100\n|move|p2a: Regieleki|Thunderbolt|p1a: Dragonite\n|-damage|p1a: Dragonite|0 fnt\n|faint|p1a: Dragonite\n|\n|win|shrek5baby\n|raw|Guingil's rating: 1434 &rarr; <strong>1414</strong><br />(-20 for losing)\n|raw|shrek5baby's rating: 1438 &rarr; <strong>1458</strong><br />(+20 for winning)\n|l|\u2606shrek5baby\n|player|p2|\n|l|\u2606Guingil\n|player|p1|\n", "uploadtime": 1788290781, "views": "4", "formatid": "gen9ou", "rating": 1414, "private": 0, "password": null}