{"id": "gen9ou-2674026547", "format": "[Gen 9] OU", "players": ["bootstheone", "arturohdez"], "log": "|j|\u2606bootstheone\n|j|\u2606arturohdez\n|t:|1788289787\n|gametype|singles\n|player|p1|bootstheone|blue|1666\n|player|p2|arturohdez|lucas|1713\n|gen|9\n|tier|[Gen 9] OU\n|rated|\n|rule|HP Percentage Mod: HP is shown in percentages\n|rule|Endless Battle Clause: Forcing endless battles is banned\n|rule|Species Clause: Limit one of each Pok\u00e9mon\n|rule|OHKO Clause: OHKO moves are banned\n|rule|Evasion Items Clause: Evasion items are banned\n|rule|Evasion Moves Clause: Evasion moves are banned\n|rule|Evasion Abilities Clause: Evasion abilities are banned\n|rule|Sleep Moves Clause: Sleep-inducing moves are banned\n|clearpoke\n|poke|p1|Pelipper, M|\n|poke|p1|Barraskewda, M|\n|poke|p1|Overqwil, F|\n|poke|p1|Kingambit, F|\n|poke|p1|Raging Bolt|\n|poke|p1|Iron Treads|\n|poke|p2|Deoxys-Speed|\n|poke|p2|Samurott-Hisui, M|\n|poke|p2|Kingambit, M|\n|poke|p2|Ceruledge, M|\n|poke|p2|Iron Valiant|\n|poke|p2|Zamazenta-*|\n|teampreview\n|\n|t:|1788289799\n|teamsize|p1|6\n|teamsize|p2|6\n|start\n|switch|p1a: Cyphant|Iron Treads, shiny|100/100\n|switch|p2a: Deoxys|Deoxys-Speed|100/100\n|-ability|p2a: Deoxys|Pressure\n|-enditem|p1a: Cyphant|Booster Energy\n|-activate|p1a: Cyphant|ability: Quark Drive|[fromitem]\n|-start|p1a: Cyphant|quarkdrivespe\n|turn|1\n|inactive|Battle timer is ON: inactive players will automatically lose when time's up. (requested by arturohdez)\n|\n|t:|1788289809\n|move|p2a: Deoxys|Reflect|p2a: Deoxys\n|-sidestart|p2: arturohdez|Reflect\n|move|p1a: Cyphant|Knock Off|p2a: Deoxys\n|-supereffective|p2a: Deoxys\n|-damage|p2a: Deoxys|74/100\n|-enditem|p2a: Deoxys|Light Clay|[from] move: Knock Off|[of] p1a: Cyphant\n|\n|upkeep\n|turn|2\n|\n|t:|1788289817\n|move|p2a: Deoxys|Taunt|p1a: Cyphant\n|-start|p1a: Cyphant|move: Taunt\n|cant|p1a: Cyphant|move: Taunt|Stealth Rock\n|\n|upkeep\n|turn|3\n|\n|t:|1788289829\n|-end|p1a: Cyphant|Quark Drive|[silent]\n|switch|p1a: HeavyWeather|Pelipper, M, shiny|100/100\n|-weather|RainDance|[from] ability: Drizzle|[of] p1a: HeavyWeather\n|move|p2a: Deoxys|Light Screen|p2a: Deoxys\n|-sidestart|p2: arturohdez|move: Light Screen\n|\n|-weather|RainDance|[upkeep]\n|upkeep\n|turn|4\n|\n|t:|1788289839\n|move|p2a: Deoxys|Stealth Rock|p1a: HeavyWeather\n|-sidestart|p1: bootstheone|move: Stealth Rock\n|move|p1a: HeavyWeather|U-turn|p2a: Deoxys\n|-supereffective|p2a: Deoxys\n|-damage|p2a: Deoxys|63/100\n|\n|t:|1788289844\n|switch|p1a: Pufferbomb|Overqwil, F|100/100|[from] U-turn\n|-damage|p1a: Pufferbomb|88/100|[from] Stealth Rock\n|\n|-weather|RainDance|[upkeep]\n|upkeep\n|turn|5\n|j| Coolcube_3\n|\n|t:|1788289852\n|switch|p2a: Samurott|Samurott-Hisui, M|100/100\n|move|p1a: Pufferbomb|Spikes|p2a: Samurott\n|-sidestart|p2: arturohdez|Spikes\n|\n|-weather|RainDance|[upkeep]\n|upkeep\n|turn|6\n|\n|t:|1788289863\n|move|p1a: Pufferbomb|Gunk Shot|p2a: Samurott\n|-damage|p2a: Samurott|54/100\n|-status|p2a: Samurott|psn\n|-damage|p1a: Pufferbomb|78/100|[from] item: Life Orb\n|move|p2a: Samurott|Ceaseless Edge|p1a: Pufferbomb\n|-resisted|p1a: Pufferbomb\n|-damage|p1a: Pufferbomb|47/100\n|-sidestart|p1: bootstheone|Spikes\n|\n|-weather|RainDance|[upkeep]\n|-damage|p2a: Samurott|42/100 psn|[from] psn\n|upkeep\n|turn|7\n|\n|t:|1788289885\n|move|p1a: Pufferbomb|Gunk Shot|p2a: Samurott|[miss]\n|-miss|p1a: Pufferbomb|p2a: Samurott\n|move|p2a: Samurott|Razor Shell|p1a: Pufferbomb\n|-damage|p1a: Pufferbomb|0 fnt\n|faint|p1a: Pufferbomb\n|\n|-weather|RainDance|[upkeep]\n|-damage|p2a: Samurott|29/100 psn|[from] psn\n|-sideend|p2: arturohdez|move: Light Screen\n|upkeep\n|\n|t:|1788289897\n|switch|p1a: Cyphant|Iron Treads, shiny|100/100\n|-damage|p1a: Cyphant|97/100|[from] Stealth Rock\n|-damage|p1a: Cyphant|85/100|[from] Spikes\n|turn|8\n|\n|t:|1788289911\n|switch|p2a: Ceruledge|Ceruledge, M|100/100\n|-damage|p2a: Ceruledge|88/100|[from] Spikes\n|move|p1a: Cyphant|Knock Off|p2a: Ceruledge\n|-supereffective|p2a: Ceruledge\n|-damage|p2a: Ceruledge|62/100\n|-ability|p2a: Ceruledge|Weak Armor|boost\n|-unboost|p2a: Ceruledge|def|1\n|-boost|p2a: Ceruledge|spe|2\n|-enditem|p2a: Ceruledge|Spell Tag|[from] move: Knock Off|[of] p1a: Cyphant\n|\n|-weather|RainDance|[upkeep]\n|-sideend|p2: arturohdez|Reflect\n|upkeep\n|turn|9\n|\n|t:|1788289926\n|move|p2a: Ceruledge|Bitter Blade|p1a: Cyphant\n|-supereffective|p1a: Cyphant\n|-damage|p1a: Cyphant|43/100\n|-heal|p2a: Ceruledge|81/100|[from] drain|[of] p1a: Cyphant\n|move|p1a: Cyphant|Steel Beam|p2a: Ceruledge\n|-resisted|p2a: Ceruledge\n|-damage|p2a: Ceruledge|53/100\n|-damage|p1a: Cyphant|0 fnt|[from] steelbeam\n|faint|p1a: Cyphant\n|-end|p1a: Cyphant|Quark Drive|[silent]\n|\n|-weather|RainDance|[upkeep]\n|upkeep\n|inactive|bootstheone has 120 seconds left.\n|\n|t:|1788289937\n|switch|p1a: Fishile|Barraskewda, M|100/100\n|-damage|p1a: Fishile|88/100|[from] Stealth Rock\n|-damage|p1a: Fishile|76/100|[from] Spikes\n|turn|10\n|\n|t:|1788289946\n|move|p1a: Fishile|Aqua Jet|p2a: Ceruledge\n|-supereffective|p2a: Ceruledge\n|-damage|p2a: Ceruledge|0 fnt\n|faint|p2a: Ceruledge\n|\n|-weather|none\n|upkeep\n|\n|t:|1788289951\n|switch|p2a: Deoxys|Deoxys-Speed|63/100\n|-damage|p2a: Deoxys|50/100|[from] Spikes\n|-ability|p2a: Deoxys|Pressure\n|turn|11\n|\n|t:|1788289959\n|-terastallize|p1a: Fishile|Water\n|move|p1a: Fishile|Aqua Jet|p2a: Deoxys\n|-crit|p2a: Deoxys\n|-damage|p2a: Deoxys|0 fnt\n|faint|p2a: Deoxys\n|\n|upkeep\n|\n|t:|1788289965\n|switch|p2a: Zamazenta|Zamazenta|100/100\n|-damage|p2a: Zamazenta|88/100|[from] Spikes\n|-ability|p2a: Zamazenta|Dauntless Shield|boost\n|-boost|p2a: Zamazenta|def|1\n|turn|12\n|\n|t:|1788289976\n|switch|p2a: Samurott|Samurott-Hisui, M|29/100 psn\n|-damage|p2a: Samurott|17/100 psn|[from] Spikes\n|switch|p1a: HeavyWeather|Pelipper, M, shiny|100/100\n|-damage|p1a: HeavyWeather|76/100|[from] Stealth Rock\n|-weather|RainDance|[from] ability: Drizzle|[of] p1a: HeavyWeather\n|\n|-weather|RainDance|[upkeep]\n|-damage|p2a: Samurott|4/100 psn|[from] psn\n|upkeep\n|turn|13\n|\n|t:|1788289995\n|move|p2a: Samurott|Ceaseless Edge|p1a: HeavyWeather\n|-damage|p1a: HeavyWeather|34/100\n|-sidestart|p1: bootstheone|Spikes\n|move|p1a: HeavyWeather|Roost|p1a: HeavyWeather\n|-heal|p1a: HeavyWeather|84/100\n|-singleturn|p1a: HeavyWeather|move: Roost\n|\n|-weather|RainDance|[upkeep]\n|-damage|p2a: Samurott|0 fnt|[from] psn\n|faint|p2a: Samurott\n|upkeep\n|\n|t:|1788290009\n|switch|p2a: Kingambit|Kingambit, M|100/100\n|-activate|p2a: Kingambit|ability: Supreme Overlord\n|-start|p2a: Kingambit|fallen3|[silent]\n|-item|p2a: Kingambit|Air Balloon\n|turn|14\n|\n|t:|1788290016\n|move|p2a: Kingambit|Swords Dance|p2a: Kingambit\n|-boost|p2a: Kingambit|atk|2\n|move|p1a: HeavyWeather|Weather Ball|p2a: Kingambit\n|-damage|p2a: Kingambit|54/100\n|-enditem|p2a: Kingambit|Air Balloon\n|\n|-weather|RainDance|[upkeep]\n|upkeep\n|turn|15\n|\n|t:|1788290030\n|move|p2a: Kingambit|Sucker Punch|p1a: HeavyWeather\n|-damage|p1a: HeavyWeather|0 fnt\n|faint|p1a: HeavyWeather\n|\n|-weather|RainDance|[upkeep]\n|upkeep\n|\n|t:|1788290041\n|switch|p1a: Nimby|Raging Bolt|100/100\n|-damage|p1a: Nimby|88/100|[from] Stealth Rock\n|-damage|p1a: Nimby|72/100|[from] Spikes\n|-enditem|p1a: Nimby|Booster Energy\n|-activate|p1a: Nimby|ability: Protosynthesis|[fromitem]\n|-start|p1a: Nimby|protosynthesisspa\n|turn|16\n|\n|t:|1788290049\n|move|p1a: Nimby|Thunderclap|p2a: Kingambit\n|-damage|p2a: Kingambit|1/100\n|move|p2a: Kingambit|Low Kick|p1a: Nimby\n|-crit|p1a: Nimby\n|-damage|p1a: Nimby|0 fnt\n|faint|p1a: Nimby\n|-end|p1a: Nimby|Protosynthesis|[silent]\n|\n|-weather|RainDance|[upkeep]\n|upkeep\n|\n|t:|1788290069\n|switch|p1a: Sukuna|Kingambit, F, shiny|100/100\n|-damage|p1a: Sukuna|94/100|[from] Stealth Rock\n|-activate|p1a: Sukuna|ability: Supreme Overlord\n|-start|p1a: Sukuna|fallen4|[silent]\n|-item|p1a: Sukuna|Air Balloon\n|turn|17\n|\n|t:|1788290076\n|move|p2a: Kingambit|Sucker Punch|p1a: Sukuna\n|-resisted|p1a: Sukuna\n|-damage|p1a: Sukuna|53/100\n|-enditem|p1a: Sukuna|Air Balloon\n|move|p1a: Sukuna|Sucker Punch||[still]\n|-fail|p1a: Sukuna\n|\n|-weather|RainDance|[upkeep]\n|upkeep\n|turn|18\n|\n|t:|1788290087\n|move|p2a: Kingambit|Sucker Punch|p1a: Sukuna\n|-resisted|p1a: Sukuna\n|-damage|p1a: Sukuna|14/100\n|move|p1a: Sukuna|Kowtow Cleave|p2a: Kingambit\n|-resisted|p2a: Kingambit\n|-damage|p2a: Kingambit|0 fnt\n|faint|p2a: Kingambit\n|-end|p2a: Kingambit|fallen3|[silent]\n|\n|-weather|RainDance|[upkeep]\n|upkeep\n|\n|t:|1788290093\n|switch|p2a: Zamazenta|Zamazenta|88/100\n|-damage|p2a: Zamazenta|76/100|[from] Spikes\n|turn|19\n|\n|t:|1788290100\n|move|p2a: Zamazenta|Iron Defense|p2a: Zamazenta\n|-boost|p2a: Zamazenta|def|2\n|move|p1a: Sukuna|Iron Head|p2a: Zamazenta\n|-damage|p2a: Zamazenta|49/100\n|\n|-weather|none\n|-heal|p2a: Zamazenta|55/100|[from] item: Leftovers\n|upkeep\n|turn|20\n|\n|t:|1788290108\n|move|p2a: Zamazenta|Body Press|p1a: Sukuna\n|-supereffective|p1a: Sukuna\n|-damage|p1a: Sukuna|0 fnt\n|faint|p1a: Sukuna\n|-end|p1a: Sukuna|fallen4|[silent]\n|\n|-heal|p2a: Zamazenta|61/100|[from] item: Leftovers\n|upkeep\n|\n|t:|1788290116\n|switch|p1a: Fishile|Barraskewda, M, tera:Water|76/100\n|-damage|p1a: Fishile|64/100|[from] Stealth Rock\n|-damage|p1a: Fishile|48/100|[from] Spikes\n|turn|21\n|\n|t:|1788290121\n|move|p2a: Zamazenta|Body Press|p1a: Fishile\n|-crit|p1a: Fishile\n|-damage|p1a: Fishile|0 fnt\n|faint|p1a: Fishile\n|\n|win|arturohdez\n|raw|bootstheone's rating: 1666 &rarr; <strong>1649</strong><br />(-17 for losing)\n|raw|arturohdez's rating: 1713 &rarr; <strong>1730</strong><br />(+17 for winning)\n|l|\u2606bootstheone\n|player|p1|\n|l|\u2606arturohdez\n|player|p2|\n", "uploadtime": 1788290373, "views": "18", "formatid": "gen9ou", "rating": 1649, "private": 0, "password": null}