{"id": "gen9ou-2674009964", "format": "[Gen 9] OU", "players": ["kangarooteam1", "Prav33n"], "log": "|j|\u2606kangarooteam1\n|j|\u2606Prav33n\n|t:|1788287813\n|gametype|singles\n|player|p1|kangarooteam1|1|1654\n|player|p2|Prav33n|koga|1630\n|gen|9\n|tier|[Gen 9] OU\n|rated|\n|rule|HP Percentage Mod: HP is shown in percentages\n|rule|Endless Battle Clause: Forcing endless battles is banned\n|rule|Species Clause: Limit one of each Pok\u00e9mon\n|rule|OHKO Clause: OHKO moves are banned\n|rule|Evasion Items Clause: Evasion items are banned\n|rule|Evasion Moves Clause: Evasion moves are banned\n|rule|Evasion Abilities Clause: Evasion abilities are banned\n|rule|Sleep Moves Clause: Sleep-inducing moves are banned\n|clearpoke\n|poke|p1|Great Tusk|\n|poke|p1|Gholdengo|\n|poke|p1|Raging Bolt|\n|poke|p1|Iron Valiant|\n|poke|p1|Ogerpon-Wellspring, F|\n|poke|p1|Kingambit, M|\n|poke|p2|Samurott-Hisui, M|\n|poke|p2|Gholdengo|\n|poke|p2|Gliscor, F|\n|poke|p2|Zamazenta-*|\n|poke|p2|Kyurem|\n|poke|p2|Glimmora, M|\n|teampreview\n|inactive|Battle timer is ON: inactive players will automatically lose when time's up. (requested by kangarooteam1)\n|\n|t:|1788287818\n|teamsize|p1|6\n|teamsize|p2|6\n|start\n|switch|p1a: Raging Bolt|Raging Bolt|100/100\n|switch|p2a: Kyurem|Kyurem, shiny|100/100\n|-ability|p2a: Kyurem|Pressure\n|turn|1\n|\n|t:|1788287821\n|switch|p2a: Gholdengo|Gholdengo|100/100\n|move|p1a: Raging Bolt|Dragon Pulse|p2a: Gholdengo\n|-resisted|p2a: Gholdengo\n|-damage|p2a: Gholdengo|73/100\n|\n|upkeep\n|turn|2\n|\n|t:|1788287831\n|move|p2a: Gholdengo|Shadow Ball|p1a: Raging Bolt\n|-damage|p1a: Raging Bolt|65/100\n|-unboost|p1a: Raging Bolt|spd|1\n|move|p1a: Raging Bolt|Calm Mind|p1a: Raging Bolt\n|-boost|p1a: Raging Bolt|spa|1\n|-boost|p1a: Raging Bolt|spd|1\n|\n|-heal|p1a: Raging Bolt|71/100|[from] item: Leftovers\n|upkeep\n|turn|3\n|\n|t:|1788287838\n|move|p2a: Gholdengo|Nasty Plot|p2a: Gholdengo\n|-boost|p2a: Gholdengo|spa|2\n|move|p1a: Raging Bolt|Calm Mind|p1a: Raging Bolt\n|-boost|p1a: Raging Bolt|spa|1\n|-boost|p1a: Raging Bolt|spd|1\n|\n|-heal|p1a: Raging Bolt|77/100|[from] item: Leftovers\n|upkeep\n|turn|4\n|j| zan669\n|\n|t:|1788287840\n|switch|p2a: Glimmora|Glimmora, M|100/100\n|move|p1a: Raging Bolt|Thunderclap||[still]\n|-fail|p1a: Raging Bolt\n|\n|-heal|p1a: Raging Bolt|83/100|[from] item: Leftovers\n|upkeep\n|turn|5\n|\n|t:|1788287846\n|move|p2a: Glimmora|Stealth Rock|p1a: Raging Bolt\n|-sidestart|p1: kangarooteam1|move: Stealth Rock\n|move|p1a: Raging Bolt|Dragon Pulse|p2a: Glimmora\n|-damage|p2a: Glimmora|2/100\n|-enditem|p2a: Glimmora|Red Card|[of] p1a: Raging Bolt\n|-end|p1a: Raging Bolt|Protosynthesis|[silent]\n|drag|p1a: Gholdengo|Gholdengo|100/100\n|-damage|p1a: Gholdengo|94/100|[from] Stealth Rock\n|-item|p1a: Gholdengo|Air Balloon\n|\n|upkeep\n|turn|6\n|\n|t:|1788287849\n|move|p1a: Gholdengo|Nasty Plot|p1a: Gholdengo\n|-boost|p1a: Gholdengo|spa|2\n|move|p2a: Glimmora|Power Gem|p1a: Gholdengo\n|-resisted|p1a: Gholdengo\n|-damage|p1a: Gholdengo|76/100\n|-enditem|p1a: Gholdengo|Air Balloon\n|\n|upkeep\n|turn|7\n|\n|t:|1788287851\n|move|p1a: Gholdengo|Shadow Ball|p2a: Glimmora\n|-crit|p2a: Glimmora\n|-damage|p2a: Glimmora|0 fnt\n|faint|p2a: Glimmora\n|\n|upkeep\n|\n|t:|1788287853\n|switch|p2a: Samurott|Samurott-Hisui, M|100/100\n|turn|8\n|\n|t:|1788287855\n|switch|p1a: Great Tusk|Great Tusk|100/100\n|-damage|p1a: Great Tusk|98/100|[from] Stealth Rock\n|move|p2a: Samurott|Ceaseless Edge|p1a: Great Tusk\n|-resisted|p1a: Great Tusk\n|-damage|p1a: Great Tusk|86/100\n|-sidestart|p1: kangarooteam1|Spikes\n|\n|-heal|p1a: Great Tusk|93/100|[from] item: Leftovers\n|upkeep\n|turn|9\n|\n|t:|1788287858\n|switch|p2a: Gholdengo|Gholdengo|73/100\n|move|p1a: Great Tusk|Rapid Spin|p2a: Gholdengo\n|-immune|p2a: Gholdengo\n|\n|-heal|p1a: Great Tusk|99/100|[from] item: Leftovers\n|upkeep\n|turn|10\n|\n|t:|1788287861\n|move|p2a: Gholdengo|Make It Rain|p1a: Great Tusk\n|-damage|p1a: Great Tusk|1/100\n|-unboost|p2a: Gholdengo|spa|1\n|move|p1a: Great Tusk|Earthquake|p2a: Gholdengo\n|-supereffective|p2a: Gholdengo\n|-enditem|p2a: Gholdengo|Shuca Berry|[eat]\n|-enditem|p2a: Gholdengo|Shuca Berry|[weaken]\n|-damage|p2a: Gholdengo|26/100\n|\n|-heal|p1a: Great Tusk|7/100|[from] item: Leftovers\n|upkeep\n|turn|11\n|\n|t:|1788287867\n|move|p2a: Gholdengo|Make It Rain|p1a: Great Tusk\n|-damage|p1a: Great Tusk|0 fnt\n|-unboost|p2a: Gholdengo|spa|1\n|faint|p1a: Great Tusk\n|-end|p1a: Great Tusk|Protosynthesis|[silent]\n|\n|upkeep\n|\n|t:|1788287868\n|switch|p1a: Raging Bolt|Raging Bolt|83/100\n|-damage|p1a: Raging Bolt|71/100|[from] Stealth Rock\n|-damage|p1a: Raging Bolt|58/100|[from] Spikes\n|turn|12\n|\n|t:|1788287873\n|switch|p2a: Kyurem|Kyurem, shiny|100/100\n|-ability|p2a: Kyurem|Pressure\n|move|p1a: Raging Bolt|Calm Mind|p1a: Raging Bolt\n|-boost|p1a: Raging Bolt|spa|1\n|-boost|p1a: Raging Bolt|spd|1\n|\n|-heal|p1a: Raging Bolt|65/100|[from] item: Leftovers\n|upkeep\n|turn|13\n|\n|t:|1788287883\n|-terastallize|p1a: Raging Bolt|Fairy\n|move|p2a: Kyurem|Ice Beam|p1a: Raging Bolt\n|-damage|p1a: Raging Bolt|38/100\n|move|p1a: Raging Bolt|Dragon Pulse|p2a: Kyurem\n|-supereffective|p2a: Kyurem\n|-crit|p2a: Kyurem\n|-damage|p2a: Kyurem|0 fnt\n|faint|p2a: Kyurem\n|\n|-heal|p1a: Raging Bolt|44/100|[from] item: Leftovers\n|upkeep\n|\n|t:|1788287886\n|switch|p2a: Gliscor|Gliscor, F|100/100\n|turn|14\n|\n|t:|1788287891\n|move|p2a: Gliscor|Protect|p2a: Gliscor\n|-singleturn|p2a: Gliscor|Protect\n|move|p1a: Raging Bolt|Dragon Pulse|p2a: Gliscor\n|-activate|p2a: Gliscor|move: Protect\n|\n|-heal|p1a: Raging Bolt|50/100|[from] item: Leftovers\n|-status|p2a: Gliscor|tox|[from] item: Toxic Orb\n|upkeep\n|turn|15\n|\n|t:|1788287910\n|move|p2a: Gliscor|Swords Dance|p2a: Gliscor\n|-boost|p2a: Gliscor|atk|2\n|move|p1a: Raging Bolt|Dragon Pulse|p2a: Gliscor\n|-damage|p2a: Gliscor|14/100 tox\n|\n|-heal|p1a: Raging Bolt|57/100|[from] item: Leftovers\n|-heal|p2a: Gliscor|27/100 tox|[from] ability: Poison Heal\n|upkeep\n|turn|16\n|\n|t:|1788287913\n|move|p2a: Gliscor|Facade|p1a: Raging Bolt\n|-damage|p1a: Raging Bolt|9/100\n|move|p1a: Raging Bolt|Dragon Pulse|p2a: Gliscor\n|-damage|p2a: Gliscor|0 fnt\n|faint|p2a: Gliscor\n|\n|-heal|p1a: Raging Bolt|15/100|[from] item: Leftovers\n|upkeep\n|\n|t:|1788287917\n|switch|p2a: Zamazenta|Zamazenta|100/100\n|-ability|p2a: Zamazenta|Dauntless Shield|boost\n|-boost|p2a: Zamazenta|def|1\n|turn|17\n|\n|t:|1788287919\n|move|p1a: Raging Bolt|Thunderclap|p2a: Zamazenta\n|-damage|p2a: Zamazenta|40/100\n|move|p2a: Zamazenta|Body Press|p1a: Raging Bolt\n|-resisted|p1a: Raging Bolt\n|-crit|p1a: Raging Bolt\n|-damage|p1a: Raging Bolt|0 fnt\n|faint|p1a: Raging Bolt\n|-end|p1a: Raging Bolt|Protosynthesis|[silent]\n|\n|-heal|p2a: Zamazenta|47/100|[from] item: Leftovers\n|upkeep\n|\n|t:|1788287921\n|switch|p1a: Iron Valiant|Iron Valiant|100/100\n|-damage|p1a: Iron Valiant|94/100|[from] Stealth Rock\n|-damage|p1a: Iron Valiant|82/100|[from] Spikes\n|-enditem|p1a: Iron Valiant|Booster Energy\n|-activate|p1a: Iron Valiant|ability: Quark Drive|[fromitem]\n|-start|p1a: Iron Valiant|quarkdrivespe\n|turn|18\n|\n|t:|1788287932\n|-terastallize|p2a: Zamazenta|Fire\n|move|p1a: Iron Valiant|Moonblast|p2a: Zamazenta\n|-resisted|p2a: Zamazenta\n|-damage|p2a: Zamazenta|25/100\n|move|p2a: Zamazenta|Roar|p1a: Iron Valiant\n|-end|p1a: Iron Valiant|Quark Drive|[silent]\n|drag|p1a: Gholdengo|Gholdengo|76/100\n|-damage|p1a: Gholdengo|70/100|[from] Stealth Rock\n|-damage|p1a: Gholdengo|57/100|[from] Spikes\n|\n|-heal|p2a: Zamazenta|31/100|[from] item: Leftovers\n|upkeep\n|turn|19\n|\n|t:|1788287937\n|switch|p2a: Samurott|Samurott-Hisui, M|100/100\n|move|p1a: Gholdengo|Shadow Ball|p2a: Samurott\n|-resisted|p2a: Samurott\n|-crit|p2a: Samurott\n|-damage|p2a: Samurott|52/100\n|\n|upkeep\n|turn|20\n|\n|t:|1788287940\n|switch|p1a: Iron Valiant|Iron Valiant|82/100\n|-damage|p1a: Iron Valiant|76/100|[from] Stealth Rock\n|-damage|p1a: Iron Valiant|63/100|[from] Spikes\n|move|p2a: Samurott|Ceaseless Edge|p1a: Iron Valiant\n|-resisted|p1a: Iron Valiant\n|-damage|p1a: Iron Valiant|49/100\n|-sidestart|p1: kangarooteam1|Spikes\n|\n|upkeep\n|turn|21\n|\n|t:|1788287943\n|switch|p2a: Gholdengo|Gholdengo|26/100\n|move|p1a: Iron Valiant|Thunderbolt|p2a: Gholdengo\n|-damage|p2a: Gholdengo|0 fnt\n|faint|p2a: Gholdengo\n|\n|upkeep\n|\n|t:|1788287951\n|switch|p2a: Zamazenta|Zamazenta, tera:Fire|31/100\n|turn|22\n|\n|t:|1788287953\n|move|p2a: Zamazenta|Iron Defense|p2a: Zamazenta\n|-boost|p2a: Zamazenta|def|2\n|move|p1a: Iron Valiant|Thunderbolt|p2a: Zamazenta\n|-damage|p2a: Zamazenta|3/100\n|\n|-heal|p2a: Zamazenta|9/100|[from] item: Leftovers\n|upkeep\n|turn|23\n|\n|t:|1788287956\n|move|p2a: Zamazenta|Body Press|p1a: Iron Valiant\n|-resisted|p1a: Iron Valiant\n|-damage|p1a: Iron Valiant|2/100\n|move|p1a: Iron Valiant|Moonblast|p2a: Zamazenta\n|-resisted|p2a: Zamazenta\n|-damage|p2a: Zamazenta|0 fnt\n|faint|p2a: Zamazenta\n|\n|upkeep\n|-message|Prav33n forfeited.\n|\n|win|kangarooteam1\n|raw|kangarooteam1's rating: 1654 &rarr; <strong>1673</strong><br />(+19 for winning)\n|raw|Prav33n's rating: 1630 &rarr; <strong>1611</strong><br />(-19 for losing)\n|l|\u2606Prav33n\n|player|p2|\n", "uploadtime": 1788287961, "views": "0", "formatid": "gen9ou", "rating": 1611, "private": 0, "password": null}