{"id": "gen9ou-2674032353", "format": "[Gen 9] OU", "players": ["GuduleLebrave", "dukederichleau"], "log": "|j|\u2606GuduleLebrave\n|j|\u203ddukederichleau\n|t:|1788290483\n|gametype|singles\n|player|p1|GuduleLebrave|101|1382\n|player|p2|dukederichleau|plasmagruntf|1405\n|gen|9\n|tier|[Gen 9] OU\n|rated|\n|rule|HP Percentage Mod: HP is shown in percentages\n|rule|Endless Battle Clause: Forcing endless battles is banned\n|rule|Species Clause: Limit one of each Pok\u00e9mon\n|rule|OHKO Clause: OHKO moves are banned\n|rule|Evasion Items Clause: Evasion items are banned\n|rule|Evasion Moves Clause: Evasion moves are banned\n|rule|Evasion Abilities Clause: Evasion abilities are banned\n|rule|Sleep Moves Clause: Sleep-inducing moves are banned\n|clearpoke\n|poke|p1|Charizard, M|\n|poke|p1|Arcanine, F|\n|poke|p1|Flygon, M|\n|poke|p1|Ninetales, F|\n|poke|p1|Walking Wake|\n|poke|p1|Great Tusk|\n|poke|p2|Araquanid, M|\n|poke|p2|Hoopa-Unbound|\n|poke|p2|Iron Valiant|\n|poke|p2|Toxtricity, M|\n|poke|p2|Dragonite, M|\n|poke|p2|Iron Treads|\n|teampreview\n|inactive|Battle timer is ON: inactive players will automatically lose when time's up. (requested by GuduleLebrave)\n|\n|t:|1788290500\n|teamsize|p1|6\n|teamsize|p2|6\n|start\n|switch|p1a: Sunlight|Ninetales, F|100/100\n|switch|p2a: Hoopa|Hoopa-Unbound|100/100\n|-weather|SunnyDay|[from] ability: Drought|[of] p1a: Sunlight\n|turn|1\n|\n|t:|1788290506\n|move|p1a: Sunlight|Overheat|p2a: Hoopa|[miss]\n|-miss|p1a: Sunlight|p2a: Hoopa\n|move|p2a: Hoopa|Nasty Plot|p2a: Hoopa\n|-boost|p2a: Hoopa|spa|2\n|\n|-weather|SunnyDay|[upkeep]\n|upkeep\n|turn|2\n|\n|t:|1788290511\n|move|p1a: Sunlight|Encore|p2a: Hoopa\n|-start|p2a: Hoopa|Encore\n|move|p2a: Hoopa|Nasty Plot|p2a: Hoopa\n|-boost|p2a: Hoopa|spa|2\n|\n|-weather|SunnyDay|[upkeep]\n|upkeep\n|turn|3\n|\n|t:|1788290514\n|switch|p2a: Araquanid|Araquanid, M|100/100\n|move|p1a: Sunlight|Weather Ball|p2a: Araquanid\n|-damage|p2a: Araquanid|76/100\n|\n|-weather|SunnyDay|[upkeep]\n|upkeep\n|turn|4\n|\n|t:|1788290520\n|switch|p1a: Zekkenia|Charizard, M|100/100\n|move|p2a: Araquanid|Sticky Web|p1a: Zekkenia\n|-sidestart|p1: GuduleLebrave|move: Sticky Web\n|\n|-weather|SunnyDay|[upkeep]\n|-damage|p1a: Zekkenia|88/100|[from] ability: Solar Power|[of] p1a: Zekkenia\n|upkeep\n|turn|5\n|\n|t:|1788290542\n|switch|p2a: Toxtricity|Toxtricity, M|100/100\n|move|p1a: Zekkenia|Air Slash|p2a: Toxtricity\n|-resisted|p2a: Toxtricity\n|-damage|p2a: Toxtricity|41/100\n|\n|-weather|SunnyDay|[upkeep]\n|-damage|p1a: Zekkenia|76/100|[from] ability: Solar Power|[of] p1a: Zekkenia\n|upkeep\n|turn|6\n|\n|t:|1788290548\n|move|p1a: Zekkenia|Air Slash|p2a: Toxtricity\n|-resisted|p2a: Toxtricity\n|-damage|p2a: Toxtricity|0 fnt\n|faint|p2a: Toxtricity\n|\n|-weather|SunnyDay|[upkeep]\n|-damage|p1a: Zekkenia|63/100|[from] ability: Solar Power|[of] p1a: Zekkenia\n|upkeep\n|\n|t:|1788290555\n|switch|p2a: Dragonite|Dragonite, M|100/100\n|turn|7\n|\n|t:|1788290559\n|move|p1a: Zekkenia|Air Slash|p2a: Dragonite\n|-damage|p2a: Dragonite|61/100\n|move|p2a: Dragonite|Dragon Dance|p2a: Dragonite\n|-boost|p2a: Dragonite|atk|1\n|-boost|p2a: Dragonite|spe|1\n|\n|-weather|SunnyDay|[upkeep]\n|-damage|p1a: Zekkenia|51/100|[from] ability: Solar Power|[of] p1a: Zekkenia\n|upkeep\n|turn|8\n|\n|t:|1788290577\n|switch|p1a: Great Tusk|Great Tusk|100/100\n|-activate|p1a: Great Tusk|ability: Protosynthesis\n|-start|p1a: Great Tusk|protosynthesisatk\n|-terastallize|p2a: Dragonite|Normal\n|move|p2a: Dragonite|Extreme Speed|p1a: Great Tusk\n|-damage|p1a: Great Tusk|46/100\n|\n|-weather|none\n|-end|p1a: Great Tusk|Protosynthesis\n|upkeep\n|turn|9\n|\n|t:|1788290587\n|move|p2a: Dragonite|Ice Spinner|p1a: Great Tusk\n|-supereffective|p1a: Great Tusk\n|-damage|p1a: Great Tusk|0 fnt\n|faint|p1a: Great Tusk\n|-end|p1a: Great Tusk|Protosynthesis|[silent]\n|\n|upkeep\n|\n|t:|1788290601\n|switch|p1a: Decaninos|Arcanine, F|100/100\n|-activate|p1a: Decaninos|move: Sticky Web\n|-unboost|p1a: Decaninos|spe|1\n|-ability|p1a: Decaninos|Intimidate|boost\n|-unboost|p2a: Dragonite|atk|1\n|turn|10\n|\n|t:|1788290604\n|-terastallize|p1a: Decaninos|Normal\n|move|p2a: Dragonite|Earthquake|p1a: Decaninos\n|-damage|p1a: Decaninos|56/100\n|move|p1a: Decaninos|Curse|p1a: Decaninos\n|-unboost|p1a: Decaninos|spe|1\n|-boost|p1a: Decaninos|atk|1\n|-boost|p1a: Decaninos|def|1\n|\n|-heal|p1a: Decaninos|62/100|[from] item: Leftovers\n|upkeep\n|turn|11\n|\n|t:|1788290614\n|switch|p2a: Iron Valiant|Iron Valiant|100/100\n|-enditem|p2a: Iron Valiant|Booster Energy\n|-activate|p2a: Iron Valiant|ability: Quark Drive|[fromitem]\n|-start|p2a: Iron Valiant|quarkdrivespe\n|move|p1a: Decaninos|Curse|p1a: Decaninos\n|-unboost|p1a: Decaninos|spe|1\n|-boost|p1a: Decaninos|atk|1\n|-boost|p1a: Decaninos|def|1\n|\n|-heal|p1a: Decaninos|68/100|[from] item: Leftovers\n|upkeep\n|turn|12\n|\n|t:|1788290617\n|move|p1a: Decaninos|Extreme Speed|p2a: Iron Valiant\n|-damage|p2a: Iron Valiant|2/100\n|move|p2a: Iron Valiant|Encore|p1a: Decaninos\n|-start|p1a: Decaninos|Encore\n|\n|-heal|p1a: Decaninos|74/100|[from] item: Leftovers\n|upkeep\n|turn|13\n|\n|t:|1788290623\n|-end|p2a: Iron Valiant|Quark Drive|[silent]\n|switch|p2a: Iron Treads|Iron Treads|100/100\n|-enditem|p2a: Iron Treads|Booster Energy\n|-activate|p2a: Iron Treads|ability: Quark Drive|[fromitem]\n|-start|p2a: Iron Treads|quarkdrivespe\n|move|p1a: Decaninos|Extreme Speed|p2a: Iron Treads\n|-resisted|p2a: Iron Treads\n|-damage|p2a: Iron Treads|65/100\n|\n|-heal|p1a: Decaninos|81/100|[from] item: Leftovers\n|upkeep\n|turn|14\n|\n|t:|1788290626\n|move|p1a: Decaninos|Extreme Speed|p2a: Iron Treads\n|-resisted|p2a: Iron Treads\n|-damage|p2a: Iron Treads|29/100\n|move|p2a: Iron Treads|Earth Power|p1a: Decaninos\n|-damage|p1a: Decaninos|46/100\n|\n|-heal|p1a: Decaninos|52/100|[from] item: Leftovers\n|upkeep\n|turn|15\n|\n|t:|1788290631\n|move|p1a: Decaninos|Extreme Speed|p2a: Iron Treads\n|-resisted|p2a: Iron Treads\n|-damage|p2a: Iron Treads|0 fnt\n|faint|p2a: Iron Treads\n|-end|p2a: Iron Treads|Quark Drive|[silent]\n|\n|-heal|p1a: Decaninos|59/100|[from] item: Leftovers\n|-end|p1a: Decaninos|Encore\n|upkeep\n|\n|t:|1788290638\n|switch|p2a: Dragonite|Dragonite, M, tera:Normal|61/100\n|turn|16\n|\n|t:|1788290640\n|move|p2a: Dragonite|Extreme Speed|p1a: Decaninos\n|-damage|p1a: Decaninos|32/100\n|move|p1a: Decaninos|Extreme Speed|p2a: Dragonite\n|-damage|p2a: Dragonite|0 fnt\n|faint|p2a: Dragonite\n|\n|-heal|p1a: Decaninos|38/100|[from] item: Leftovers\n|upkeep\n|-message|dukederichleau forfeited.\n|\n|win|GuduleLebrave\n|raw|GuduleLebrave's rating: 1382 &rarr; <strong>1403</strong><br />(+21 for winning)\n|raw|dukederichleau's rating: 1405 &rarr; <strong>1384</strong><br />(-21 for losing)\n|l|\u203ddukederichleau\n|player|p2|\n|l|\u2606GuduleLebrave\n|player|p1|\n", "uploadtime": 1788290655, "views": "3", "formatid": "gen9ou", "rating": 1384, "private": 0, "password": null}