{"id": "gen9ou-2673951082", "format": "[Gen 9] OU", "players": ["FishOfTheSea", "kangarooteam1"], "log": "|j|\u2606FishOfTheSea\n|j|\u2606kangarooteam1\n|t:|1788280966\n|gametype|singles\n|player|p1|FishOfTheSea|gladion|1708\n|player|p2|kangarooteam1|1|1571\n|gen|9\n|tier|[Gen 9] OU\n|rated|\n|rule|HP Percentage Mod: HP is shown in percentages\n|rule|Endless Battle Clause: Forcing endless battles is banned\n|rule|Species Clause: Limit one of each Pok\u00e9mon\n|rule|OHKO Clause: OHKO moves are banned\n|rule|Evasion Items Clause: Evasion items are banned\n|rule|Evasion Moves Clause: Evasion moves are banned\n|rule|Evasion Abilities Clause: Evasion abilities are banned\n|rule|Sleep Moves Clause: Sleep-inducing moves are banned\n|clearpoke\n|poke|p1|Moltres|\n|poke|p1|Slowking-Galar, M|\n|poke|p1|Iron Treads|\n|poke|p1|Hydrapple, M|\n|poke|p1|Samurott-Hisui, M|\n|poke|p1|Gholdengo|\n|poke|p2|Great Tusk|\n|poke|p2|Gholdengo|\n|poke|p2|Raging Bolt|\n|poke|p2|Iron Valiant|\n|poke|p2|Ogerpon-Wellspring, F|\n|poke|p2|Kingambit, F|\n|teampreview\n|inactive|Battle timer is ON: inactive players will automatically lose when time's up. (requested by kangarooteam1)\n|\n|t:|1788280973\n|teamsize|p1|6\n|teamsize|p2|6\n|start\n|switch|p1a: Slowking|Slowking-Galar, M|100/100\n|switch|p2a: Raging Bolt|Raging Bolt|100/100\n|turn|1\n|\n|t:|1788280975\n|move|p2a: Raging Bolt|Calm Mind|p2a: Raging Bolt\n|-boost|p2a: Raging Bolt|spa|1\n|-boost|p2a: Raging Bolt|spd|1\n|move|p1a: Slowking|Sludge Bomb|p2a: Raging Bolt\n|-damage|p2a: Raging Bolt|77/100\n|\n|-heal|p2a: Raging Bolt|83/100|[from] item: Leftovers\n|upkeep\n|turn|2\n|\n|t:|1788280977\n|move|p2a: Raging Bolt|Calm Mind|p2a: Raging Bolt\n|-boost|p2a: Raging Bolt|spa|1\n|-boost|p2a: Raging Bolt|spd|1\n|move|p1a: Slowking|Sludge Bomb|p2a: Raging Bolt\n|-damage|p2a: Raging Bolt|66/100\n|-status|p2a: Raging Bolt|psn\n|\n|-heal|p2a: Raging Bolt|72/100 psn|[from] item: Leftovers\n|-damage|p2a: Raging Bolt|59/100 psn|[from] psn\n|upkeep\n|turn|3\n|\n|t:|1788280979\n|move|p2a: Raging Bolt|Dragon Pulse|p1a: Slowking\n|-damage|p1a: Slowking|48/100\n|move|p1a: Slowking|Psyshock|p2a: Raging Bolt\n|-damage|p2a: Raging Bolt|30/100 psn\n|\n|-heal|p2a: Raging Bolt|36/100 psn|[from] item: Leftovers\n|-damage|p2a: Raging Bolt|23/100 psn|[from] psn\n|upkeep\n|turn|4\n|\n|t:|1788280981\n|switch|p1a: Iron Treads|Iron Treads|100/100\n|move|p2a: Raging Bolt|Dragon Pulse|p1a: Iron Treads\n|-resisted|p1a: Iron Treads\n|-damage|p1a: Iron Treads|41/100\n|\n|-heal|p1a: Iron Treads|48/100|[from] item: Leftovers\n|-heal|p2a: Raging Bolt|30/100 psn|[from] item: Leftovers\n|-damage|p2a: Raging Bolt|17/100 psn|[from] psn\n|upkeep\n|turn|5\n|\n|t:|1788280983\n|move|p1a: Iron Treads|Ice Spinner|p2a: Raging Bolt\n|-supereffective|p2a: Raging Bolt\n|-damage|p2a: Raging Bolt|0 fnt\n|faint|p2a: Raging Bolt\n|-end|p2a: Raging Bolt|Protosynthesis|[silent]\n|\n|-heal|p1a: Iron Treads|54/100|[from] item: Leftovers\n|upkeep\n|\n|t:|1788280984\n|switch|p2a: Kingambit|Kingambit, F|100/100\n|-activate|p2a: Kingambit|ability: Supreme Overlord\n|-start|p2a: Kingambit|fallen1|[silent]\n|turn|6\n|\n|t:|1788280987\n|-end|p1a: Iron Treads|Quark Drive|[silent]\n|switch|p1a: Moltres|Moltres|100/100\n|move|p2a: Kingambit|Swords Dance|p2a: Kingambit\n|-boost|p2a: Kingambit|atk|2\n|\n|upkeep\n|turn|7\n|\n|t:|1788280988\n|move|p1a: Moltres|Flamethrower|p2a: Kingambit\n|-supereffective|p2a: Kingambit\n|-damage|p2a: Kingambit|32/100\n|move|p2a: Kingambit|Kowtow Cleave|p1a: Moltres\n|-crit|p1a: Moltres\n|-damage|p1a: Moltres|0 fnt\n|faint|p1a: Moltres\n|\n|-heal|p2a: Kingambit|38/100|[from] item: Leftovers\n|upkeep\n|\n|t:|1788280993\n|switch|p1a: Hydrapple|Hydrapple, M|100/100\n|turn|8\n|\n|t:|1788280994\n|move|p2a: Kingambit|Iron Head|p1a: Hydrapple\n|-damage|p1a: Hydrapple|46/100\n|cant|p1a: Hydrapple|flinch\n|\n|-heal|p2a: Kingambit|44/100|[from] item: Leftovers\n|upkeep\n|turn|9\n|\n|t:|1788280997\n|switch|p1a: Samurott|Samurott-Hisui, M|100/100\n|move|p2a: Kingambit|Kowtow Cleave|p1a: Samurott\n|-resisted|p1a: Samurott\n|-damage|p1a: Samurott|29/100\n|\n|-heal|p2a: Kingambit|50/100|[from] item: Leftovers\n|upkeep\n|turn|10\n|\n|t:|1788280999\n|move|p2a: Kingambit|Sucker Punch||[still]\n|-fail|p2a: Kingambit\n|move|p1a: Samurott|Encore|p2a: Kingambit\n|-start|p2a: Kingambit|Encore\n|\n|-heal|p2a: Kingambit|57/100|[from] item: Leftovers\n|upkeep\n|turn|11\n|\n|t:|1788281006\n|switch|p1a: Hydrapple|Hydrapple, M|80/100\n|move|p2a: Kingambit|Sucker Punch||[still]\n|-fail|p2a: Kingambit\n|\n|-heal|p2a: Kingambit|63/100|[from] item: Leftovers\n|upkeep\n|turn|12\n|\n|t:|1788281008\n|-end|p2a: Kingambit|fallen1|[silent]\n|switch|p2a: Gholdengo|Gholdengo|100/100\n|-item|p2a: Gholdengo|Air Balloon\n|switch|p1a: Samurott|Samurott-Hisui, M|29/100\n|\n|upkeep\n|turn|13\n|\n|t:|1788281012\n|switch|p1a: Slowking|Slowking-Galar, M|81/100\n|switch|p2a: Kingambit|Kingambit, F|63/100\n|-activate|p2a: Kingambit|ability: Supreme Overlord\n|-start|p2a: Kingambit|fallen1|[silent]\n|\n|-heal|p2a: Kingambit|69/100|[from] item: Leftovers\n|upkeep\n|turn|14\n|\n|t:|1788281015\n|switch|p1a: Hydrapple|Hydrapple, M|100/100\n|move|p2a: Kingambit|Swords Dance|p2a: Kingambit\n|-boost|p2a: Kingambit|atk|2\n|\n|-heal|p2a: Kingambit|75/100|[from] item: Leftovers\n|upkeep\n|turn|15\n|\n|t:|1788281016\n|move|p2a: Kingambit|Iron Head|p1a: Hydrapple\n|-damage|p1a: Hydrapple|45/100\n|move|p1a: Hydrapple|Earth Power|p2a: Kingambit\n|-supereffective|p2a: Kingambit\n|-damage|p2a: Kingambit|31/100\n|\n|-heal|p2a: Kingambit|37/100|[from] item: Leftovers\n|upkeep\n|turn|16\n|\n|t:|1788281020\n|switch|p1a: Iron Treads|Iron Treads|54/100\n|move|p2a: Kingambit|Kowtow Cleave|p1a: Iron Treads\n|-damage|p1a: Iron Treads|0 fnt\n|faint|p1a: Iron Treads\n|-end|p1a: Iron Treads|Quark Drive|[silent]\n|\n|-heal|p2a: Kingambit|43/100|[from] item: Leftovers\n|upkeep\n|\n|t:|1788281022\n|switch|p1a: Hydrapple|Hydrapple, M|79/100\n|turn|17\n|\n|t:|1788281023\n|move|p2a: Kingambit|Iron Head|p1a: Hydrapple\n|-damage|p1a: Hydrapple|21/100\n|move|p1a: Hydrapple|Earth Power|p2a: Kingambit\n|-supereffective|p2a: Kingambit\n|-damage|p2a: Kingambit|0 fnt\n|faint|p2a: Kingambit\n|-end|p2a: Kingambit|fallen1|[silent]\n|\n|upkeep\n|\n|t:|1788281024\n|switch|p2a: Gholdengo|Gholdengo|100/100\n|-item|p2a: Gholdengo|Air Balloon\n|turn|18\n|\n|t:|1788281028\n|switch|p1a: Samurott|Samurott-Hisui, M|29/100\n|move|p2a: Gholdengo|Shadow Ball|p1a: Samurott\n|-resisted|p1a: Samurott\n|-damage|p1a: Samurott|0 fnt\n|faint|p1a: Samurott\n|\n|upkeep\n|\n|t:|1788281030\n|switch|p1a: Slowking|Slowking-Galar, M|100/100\n|turn|19\n|\n|t:|1788281031\n|move|p2a: Gholdengo|Nasty Plot|p2a: Gholdengo\n|-boost|p2a: Gholdengo|spa|2\n|move|p1a: Slowking|Flamethrower|p2a: Gholdengo\n|-supereffective|p2a: Gholdengo\n|-damage|p2a: Gholdengo|30/100\n|-enditem|p2a: Gholdengo|Air Balloon\n|\n|upkeep\n|turn|20\n|\n|t:|1788281033\n|move|p2a: Gholdengo|Recover|p2a: Gholdengo\n|-heal|p2a: Gholdengo|80/100\n|move|p1a: Slowking|Flamethrower|p2a: Gholdengo\n|-supereffective|p2a: Gholdengo\n|-crit|p2a: Gholdengo\n|-damage|p2a: Gholdengo|0 fnt\n|faint|p2a: Gholdengo\n|\n|upkeep\n|\n|t:|1788281033\n|switch|p2a: Great Tusk|Great Tusk|100/100\n|turn|21\n|\n|t:|1788281036\n|switch|p1a: Hydrapple|Hydrapple, M|54/100\n|move|p2a: Great Tusk|Knock Off|p1a: Hydrapple\n|-damage|p1a: Hydrapple|39/100\n|-enditem|p1a: Hydrapple|Heavy-Duty Boots|[from] move: Knock Off|[of] p2a: Great Tusk\n|\n|upkeep\n|turn|22\n|\n|t:|1788281037\n|-end|p2a: Great Tusk|Protosynthesis|[silent]\n|switch|p2a: Iron Valiant|Iron Valiant|100/100\n|-enditem|p2a: Iron Valiant|Booster Energy\n|-activate|p2a: Iron Valiant|ability: Quark Drive|[fromitem]\n|-start|p2a: Iron Valiant|quarkdrivespe\n|move|p1a: Hydrapple|Giga Drain|p2a: Iron Valiant\n|-damage|p2a: Iron Valiant|50/100\n|-heal|p1a: Hydrapple|57/100|[from] drain|[of] p2a: Iron Valiant\n|\n|upkeep\n|turn|23\n|\n|t:|1788281039\n|switch|p1a: Slowking|Slowking-Galar, M|100/100\n|move|p2a: Iron Valiant|Moonblast|p1a: Slowking\n|-resisted|p1a: Slowking\n|-damage|p1a: Slowking|89/100\n|\n|upkeep\n|turn|24\n|\n|t:|1788281041\n|move|p2a: Iron Valiant|Moonblast|p1a: Slowking\n|-resisted|p1a: Slowking\n|-damage|p1a: Slowking|77/100\n|-unboost|p1a: Slowking|spa|1\n|move|p1a: Slowking|Ice Beam|p2a: Iron Valiant\n|-damage|p2a: Iron Valiant|17/100\n|\n|upkeep\n|turn|25\n|\n|t:|1788281042\n|move|p2a: Iron Valiant|Thunderbolt|p1a: Slowking\n|-damage|p1a: Slowking|62/100\n|move|p1a: Slowking|Ice Beam|p2a: Iron Valiant\n|-damage|p2a: Iron Valiant|0 fnt\n|faint|p2a: Iron Valiant\n|-end|p2a: Iron Valiant|Quark Drive|[silent]\n|\n|upkeep\n|\n|t:|1788281043\n|switch|p2a: Great Tusk|Great Tusk|100/100\n|turn|26\n|\n|t:|1788281045\n|switch|p1a: Hydrapple|Hydrapple, M|90/100\n|move|p2a: Great Tusk|Knock Off|p1a: Hydrapple\n|-damage|p1a: Hydrapple|80/100\n|\n|upkeep\n|turn|27\n|\n|t:|1788281046\n|move|p2a: Great Tusk|Stealth Rock|p1a: Hydrapple\n|-sidestart|p1: FishOfTheSea|move: Stealth Rock\n|move|p1a: Hydrapple|Nasty Plot|p1a: Hydrapple\n|-boost|p1a: Hydrapple|spa|2\n|\n|upkeep\n|turn|28\n|\n|t:|1788281047\n|-terastallize|p2a: Great Tusk|Steel\n|move|p2a: Great Tusk|Rapid Spin|p1a: Hydrapple\n|-damage|p1a: Hydrapple|72/100\n|-boost|p2a: Great Tusk|spe|1\n|move|p1a: Hydrapple|Giga Drain|p2a: Great Tusk\n|-resisted|p2a: Great Tusk\n|-damage|p2a: Great Tusk|65/100\n|-heal|p1a: Hydrapple|91/100|[from] drain|[of] p2a: Great Tusk\n|\n|-heal|p2a: Great Tusk|71/100|[from] item: Leftovers\n|upkeep\n|turn|29\n|\n|t:|1788281050\n|-end|p2a: Great Tusk|Protosynthesis|[silent]\n|switch|p2a: Ogerpon|Ogerpon-Wellspring, F|100/100\n|move|p1a: Hydrapple|Earth Power|p2a: Ogerpon\n|-resisted|p2a: Ogerpon\n|-damage|p2a: Ogerpon|71/100\n|\n|upkeep\n|turn|30\n|\n|t:|1788281052\n|move|p2a: Ogerpon|U-turn|p1a: Hydrapple\n|-supereffective|p1a: Hydrapple\n|-damage|p1a: Hydrapple|61/100\n|\n|t:|1788281052\n|switch|p2a: Great Tusk|Great Tusk, tera:Steel|71/100|[from] U-turn\n|move|p1a: Hydrapple|Giga Drain|p2a: Great Tusk\n|-resisted|p2a: Great Tusk\n|-damage|p2a: Great Tusk|30/100\n|-heal|p1a: Hydrapple|83/100|[from] drain|[of] p2a: Great Tusk\n|\n|-heal|p2a: Great Tusk|36/100|[from] item: Leftovers\n|upkeep\n|turn|31\n|\n|t:|1788281055\n|-end|p2a: Great Tusk|Protosynthesis|[silent]\n|switch|p2a: Ogerpon|Ogerpon-Wellspring, F|71/100\n|move|p1a: Hydrapple|Giga Drain|p2a: Ogerpon\n|-damage|p2a: Ogerpon|0 fnt\n|-heal|p1a: Hydrapple|100/100|[from] drain|[of] p2a: Ogerpon\n|faint|p2a: Ogerpon\n|\n|upkeep\n|\n|t:|1788281055\n|switch|p2a: Great Tusk|Great Tusk, tera:Steel|36/100\n|turn|32\n|\n|t:|1788281057\n|move|p2a: Great Tusk|Rapid Spin|p1a: Hydrapple\n|-damage|p1a: Hydrapple|92/100\n|-boost|p2a: Great Tusk|spe|1\n|move|p1a: Hydrapple|Earth Power|p2a: Great Tusk\n|-supereffective|p2a: Great Tusk\n|-damage|p2a: Great Tusk|0 fnt\n|faint|p2a: Great Tusk\n|-end|p2a: Great Tusk|Protosynthesis|[silent]\n|\n|win|FishOfTheSea\n|raw|FishOfTheSea's rating: 1708 &rarr; <strong>1720</strong><br />(+12 for winning)\n|raw|kangarooteam1's rating: 1571 &rarr; <strong>1559</strong><br />(-12 for losing)\n", "uploadtime": 1788281057, "views": "0", "formatid": "gen9ou", "rating": 1559, "private": 0, "password": null}