{"id": "gen9ou-2674011209", "format": "[Gen 9] OU", "players": ["incenedorus", "rblt ryo"], "log": "|j|\u2606incenedorus\n|j|\u2606rblt ryo\n|t:|1788287951\n|gametype|singles\n|player|p1|incenedorus|parasollady|1512\n|player|p2|rblt ryo|2|1615\n|gen|9\n|tier|[Gen 9] OU\n|rated|\n|rule|HP Percentage Mod: HP is shown in percentages\n|rule|Endless Battle Clause: Forcing endless battles is banned\n|rule|Species Clause: Limit one of each Pok\u00e9mon\n|rule|OHKO Clause: OHKO moves are banned\n|rule|Evasion Items Clause: Evasion items are banned\n|rule|Evasion Moves Clause: Evasion moves are banned\n|rule|Evasion Abilities Clause: Evasion abilities are banned\n|rule|Sleep Moves Clause: Sleep-inducing moves are banned\n|clearpoke\n|poke|p1|Hatterene, F|\n|poke|p1|Zamazenta-*|\n|poke|p1|Gholdengo|\n|poke|p1|Samurott-Hisui, M|\n|poke|p1|Glimmora, M|\n|poke|p1|Dragonite, M|\n|poke|p2|Weezing-Galar, M|\n|poke|p2|Heatran, M|\n|poke|p2|Ursaluna, M|\n|poke|p2|Zamazenta-*|\n|poke|p2|Ogerpon-Wellspring, F|\n|poke|p2|Cresselia, F|\n|teampreview\n|\n|t:|1788287973\n|teamsize|p1|6\n|teamsize|p2|6\n|start\n|switch|p1a: Jack Sparrow|Samurott-Hisui, M, shiny|100/100\n|switch|p2a: Alice|Ogerpon-Wellspring, F|100/100\n|turn|1\n|\n|t:|1788287988\n|switch|p2a: Sentinel|Weezing-Galar, M, shiny|100/100\n|-ability|p2a: Sentinel|Neutralizing Gas\n|switch|p1a: Bullet|Glimmora, M, shiny|100/100\n|\n|upkeep\n|turn|2\n|\n|t:|1788288000\n|-end|p2a: Sentinel|ability: Neutralizing Gas\n|switch|p2a: Chaos|Heatran, M, shiny|100/100\n|-item|p2a: Chaos|Air Balloon\n|move|p1a: Bullet|Stealth Rock|p2a: Chaos\n|-sidestart|p2: rblt ryo|move: Stealth Rock\n|\n|upkeep\n|turn|3\n|\n|t:|1788288016\n|switch|p1a: Leviathan|Dragonite, M, shiny|100/100\n|move|p2a: Chaos|Will-O-Wisp|p1a: Leviathan\n|-status|p1a: Leviathan|brn\n|\n|-damage|p1a: Leviathan|94/100 brn|[from] brn\n|upkeep\n|turn|4\n|\n|t:|1788288031\n|switch|p2a: Sentinel|Weezing-Galar, M, shiny|100/100\n|-ability|p2a: Sentinel|Neutralizing Gas\n|move|p1a: Leviathan|Ice Spinner|p2a: Sentinel\n|-damage|p2a: Sentinel|90/100\n|\n|-damage|p1a: Leviathan|88/100 brn|[from] brn\n|upkeep\n|turn|5\n|\n|t:|1788288041\n|move|p1a: Leviathan|Earthquake|p2a: Sentinel\n|-supereffective|p2a: Sentinel\n|-damage|p2a: Sentinel|63/100\n|move|p2a: Sentinel|Defog|p1a: Leviathan\n|-unboost|p1a: Leviathan|evasion|1\n|-sideend|p2: rblt ryo|Stealth Rock|[from] move: Defog|[of] p2a: Sentinel\n|\n|-damage|p1a: Leviathan|82/100 brn|[from] brn\n|upkeep\n|turn|6\n|\n|t:|1788288050\n|move|p1a: Leviathan|Ice Spinner|p2a: Sentinel\n|-damage|p2a: Sentinel|54/100\n|move|p2a: Sentinel|Pain Split|p1a: Leviathan\n|-sethp|p1a: Leviathan|69/100 brn|[from] move: Pain Split|[silent]\n|-sethp|p2a: Sentinel|67/100|[from] move: Pain Split\n|\n|-damage|p1a: Leviathan|62/100 brn|[from] brn\n|upkeep\n|turn|7\n|\n|t:|1788288059\n|-end|p2a: Sentinel|ability: Neutralizing Gas\n|switch|p2a: Crescent|Cresselia, F, shiny|100/100\n|move|p1a: Leviathan|Dragon Dance|p1a: Leviathan\n|-boost|p1a: Leviathan|atk|1\n|-boost|p1a: Leviathan|spe|1\n|\n|-damage|p1a: Leviathan|56/100 brn|[from] brn\n|upkeep\n|turn|8\n|\n|t:|1788288072\n|move|p1a: Leviathan|Ice Spinner|p2a: Crescent\n|-damage|p2a: Crescent|83/100\n|move|p2a: Crescent|Moonblast|p1a: Leviathan\n|-supereffective|p1a: Leviathan\n|-damage|p1a: Leviathan|4/100 brn\n|-unboost|p1a: Leviathan|spa|1\n|\n|-heal|p2a: Crescent|89/100|[from] item: Leftovers\n|-damage|p1a: Leviathan|0 fnt|[from] brn\n|faint|p1a: Leviathan\n|upkeep\n|\n|t:|1788288086\n|switch|p1a: Trojan|Zamazenta, shiny|100/100\n|-ability|p1a: Trojan|Dauntless Shield|boost\n|-boost|p1a: Trojan|def|1\n|turn|9\n|\n|t:|1788288101\n|-terastallize|p1a: Trojan|Fire\n|move|p1a: Trojan|Substitute|p1a: Trojan\n|-start|p1a: Trojan|Substitute\n|-damage|p1a: Trojan|76/100\n|move|p2a: Crescent|Calm Mind|p2a: Crescent\n|-boost|p2a: Crescent|spa|1\n|-boost|p2a: Crescent|spd|1\n|\n|-heal|p1a: Trojan|82/100|[from] item: Leftovers\n|-heal|p2a: Crescent|95/100|[from] item: Leftovers\n|upkeep\n|turn|10\n|\n|t:|1788288113\n|move|p1a: Trojan|Crunch|p2a: Crescent\n|-supereffective|p2a: Crescent\n|-damage|p2a: Crescent|63/100\n|move|p2a: Crescent|Calm Mind|p2a: Crescent\n|-boost|p2a: Crescent|spa|1\n|-boost|p2a: Crescent|spd|1\n|\n|-heal|p1a: Trojan|88/100|[from] item: Leftovers\n|-heal|p2a: Crescent|69/100|[from] item: Leftovers\n|upkeep\n|turn|11\n|\n|t:|1788288126\n|-terastallize|p2a: Crescent|Fairy\n|move|p1a: Trojan|Crunch|p2a: Crescent\n|-resisted|p2a: Crescent\n|-damage|p2a: Crescent|60/100\n|move|p2a: Crescent|Stored Power|p1a: Trojan\n|-end|p1a: Trojan|Substitute\n|\n|-heal|p1a: Trojan|94/100|[from] item: Leftovers\n|-heal|p2a: Crescent|67/100|[from] item: Leftovers\n|upkeep\n|turn|12\n|\n|t:|1788288139\n|switch|p1a: Lacey Evans|Hatterene, F, shiny|100/100\n|move|p2a: Crescent|Stored Power|p1a: Lacey Evans\n|-resisted|p1a: Lacey Evans\n|-damage|p1a: Lacey Evans|71/100\n|\n|-heal|p2a: Crescent|73/100|[from] item: Leftovers\n|upkeep\n|turn|13\n|\n|t:|1788288158\n|move|p2a: Crescent|Moonblast|p1a: Lacey Evans\n|-damage|p1a: Lacey Evans|14/100\n|move|p1a: Lacey Evans|Nuzzle|p2a: Crescent\n|-damage|p2a: Crescent|70/100\n|-status|p2a: Crescent|par\n|\n|-heal|p2a: Crescent|76/100 par|[from] item: Leftovers\n|upkeep\n|turn|14\n|\n|t:|1788288169\n|move|p2a: Crescent|Moonblast|p1a: Lacey Evans\n|-damage|p1a: Lacey Evans|0 fnt\n|faint|p1a: Lacey Evans\n|\n|-heal|p2a: Crescent|82/100 par|[from] item: Leftovers\n|upkeep\n|\n|t:|1788288178\n|switch|p1a: Jack Sparrow|Samurott-Hisui, M, shiny|100/100\n|turn|15\n|\n|t:|1788288185\n|switch|p2a: Sentinel|Weezing-Galar, M, shiny|67/100\n|-ability|p2a: Sentinel|Neutralizing Gas\n|move|p1a: Jack Sparrow|Knock Off|p2a: Sentinel\n|-resisted|p2a: Sentinel\n|-damage|p2a: Sentinel|49/100\n|-enditem|p2a: Sentinel|Heavy-Duty Boots|[from] move: Knock Off|[of] p1a: Jack Sparrow\n|\n|upkeep\n|turn|16\n|\n|t:|1788288197\n|switch|p1a: Spirit Rush|Gholdengo, shiny|100/100\n|move|p2a: Sentinel|Pain Split|p1a: Spirit Rush\n|-sethp|p1a: Spirit Rush|76/100|[from] move: Pain Split|[silent]\n|-sethp|p2a: Sentinel|72/100|[from] move: Pain Split\n|\n|upkeep\n|turn|17\n|\n|t:|1788288224\n|-end|p2a: Sentinel|ability: Neutralizing Gas\n|switch|p2a: Chaos|Heatran, M, shiny|100/100\n|-item|p2a: Chaos|Air Balloon\n|move|p1a: Spirit Rush|Make It Rain|p2a: Chaos\n|-resisted|p2a: Chaos\n|-damage|p2a: Chaos|85/100\n|-unboost|p1a: Spirit Rush|spa|1\n|-enditem|p2a: Chaos|Air Balloon\n|\n|upkeep\n|turn|18\n|\n|t:|1788288237\n|switch|p1a: Trojan|Zamazenta, shiny, tera:Fire|94/100\n|move|p2a: Chaos|Will-O-Wisp|p1a: Trojan|[miss]\n|-miss|p2a: Chaos|p1a: Trojan\n|\n|-heal|p1a: Trojan|99/100|[from] item: Leftovers\n|upkeep\n|turn|19\n|\n|t:|1788288245\n|move|p1a: Trojan|Body Press|p2a: Chaos\n|-supereffective|p2a: Chaos\n|-damage|p2a: Chaos|16/100\n|move|p2a: Chaos|Earth Power|p1a: Trojan\n|-supereffective|p1a: Trojan\n|-damage|p1a: Trojan|56/100\n|\n|-heal|p1a: Trojan|62/100|[from] item: Leftovers\n|upkeep\n|turn|20\n|\n|t:|1788288252\n|move|p1a: Trojan|Body Press|p2a: Chaos\n|-supereffective|p2a: Chaos\n|-damage|p2a: Chaos|0 fnt\n|faint|p2a: Chaos\n|\n|-heal|p1a: Trojan|68/100|[from] item: Leftovers\n|upkeep\n|\n|t:|1788288256\n|switch|p2a: Alice|Ogerpon-Wellspring, F|100/100\n|turn|21\n|\n|t:|1788288274\n|switch|p1a: Jack Sparrow|Samurott-Hisui, M, shiny|100/100\n|move|p2a: Alice|Ivy Cudgel|p1a: Jack Sparrow|[anim] Ivy Cudgel Water\n|-resisted|p1a: Jack Sparrow\n|-damage|p1a: Jack Sparrow|61/100\n|\n|upkeep\n|turn|22\n|\n|t:|1788288289\n|move|p1a: Jack Sparrow|Sucker Punch|p2a: Alice\n|-damage|p2a: Alice|44/100\n|move|p2a: Alice|Play Rough|p1a: Jack Sparrow\n|-supereffective|p1a: Jack Sparrow\n|-damage|p1a: Jack Sparrow|0 fnt\n|faint|p1a: Jack Sparrow\n|\n|upkeep\n|\n|t:|1788288300\n|switch|p1a: Spirit Rush|Gholdengo, shiny|76/100\n|turn|23\n|\n|t:|1788288309\n|switch|p1a: Trojan|Zamazenta, shiny, tera:Fire|68/100\n|move|p2a: Alice|Ivy Cudgel|p1a: Trojan|[anim] Ivy Cudgel Water\n|-supereffective|p1a: Trojan\n|-damage|p1a: Trojan|0 fnt\n|faint|p1a: Trojan\n|\n|upkeep\n|-message|incenedorus forfeited.\n|\n|win|rblt ryo\n|raw|incenedorus's rating: 1512 &rarr; <strong>1498</strong><br />(-14 for losing)\n|raw|rblt ryo's rating: 1615 &rarr; <strong>1629</strong><br />(+14 for winning)\n|l|\u2606incenedorus\n|player|p1|\n", "uploadtime": 1788288335, "views": "0", "formatid": "gen9ou", "rating": 1498, "private": 0, "password": null}