{"id": "gen9ou-2674079703", "format": "[Gen 9] OU", "players": ["suhayb1910", "josemgv357"], "log": "|j|\u2606suhayb1910\n|j|\u2606josemgv357\n|t:|1788296320\n|gametype|singles\n|player|p1|suhayb1910|volo|1623\n|player|p2|josemgv357|hilda-wonderlauncher|1573\n|gen|9\n|tier|[Gen 9] OU\n|rated|\n|rule|HP Percentage Mod: HP is shown in percentages\n|rule|Endless Battle Clause: Forcing endless battles is banned\n|rule|Species Clause: Limit one of each Pok\u00e9mon\n|rule|OHKO Clause: OHKO moves are banned\n|rule|Evasion Items Clause: Evasion items are banned\n|rule|Evasion Moves Clause: Evasion moves are banned\n|rule|Evasion Abilities Clause: Evasion abilities are banned\n|rule|Sleep Moves Clause: Sleep-inducing moves are banned\n|clearpoke\n|poke|p1|Garchomp, M|\n|poke|p1|Kingambit, F|\n|poke|p1|Iron Valiant|\n|poke|p1|Ogerpon-Wellspring, F|\n|poke|p1|Glimmora, M|\n|poke|p1|Moltres|\n|poke|p2|Arcanine-Hisui, F|\n|poke|p2|Gholdengo|\n|poke|p2|Sinistcha-Masterpiece|\n|poke|p2|Slowking-Galar, M|\n|poke|p2|Samurott-Hisui, M|\n|poke|p2|Great Tusk|\n|teampreview\n|inactive|Battle timer is ON: inactive players will automatically lose when time's up. (requested by suhayb1910)\n|\n|t:|1788296334\n|teamsize|p1|6\n|teamsize|p2|6\n|start\n|switch|p1a: Garchomp|Garchomp, M|100/100\n|switch|p2a: Performative|Sinistcha-Masterpiece|100/100\n|turn|1\n|\n|t:|1788296340\n|move|p1a: Garchomp|Stealth Rock|p2a: Performative\n|-sidestart|p2: josemgv357|move: Stealth Rock\n|move|p2a: Performative|Matcha Gotcha|p1a: Garchomp\n|-damage|p1a: Garchomp|60/100\n|-status|p1a: Garchomp|brn\n|\n|-damage|p1a: Garchomp|54/100 brn|[from] brn\n|upkeep\n|turn|2\n|\n|t:|1788296345\n|move|p1a: Garchomp|Draco Meteor|p2a: Performative\n|-damage|p2a: Performative|24/100\n|-unboost|p1a: Garchomp|spa|2\n|-damage|p1a: Garchomp|44/100 brn|[from] item: Life Orb\n|move|p2a: Performative|Shadow Ball|p1a: Garchomp\n|-damage|p1a: Garchomp|4/100 brn\n|\n|-damage|p1a: Garchomp|0 fnt|[from] brn\n|faint|p1a: Garchomp\n|upkeep\n|\n|t:|1788296355\n|switch|p1a: Moltres|Moltres|100/100\n|turn|3\n|\n|t:|1788296359\n|switch|p2a: Doggo|Arcanine-Hisui, F|100/100\n|-damage|p2a: Doggo|76/100|[from] Stealth Rock\n|move|p1a: Moltres|U-turn|p2a: Doggo\n|-resisted|p2a: Doggo\n|-damage|p2a: Doggo|68/100\n|\n|t:|1788296362\n|switch|p1a: Glimmora|Glimmora, M, shiny|100/100|[from] U-turn\n|\n|upkeep\n|turn|4\n|\n|t:|1788296367\n|move|p2a: Doggo|Close Combat|p1a: Glimmora\n|-damage|p1a: Glimmora|51/100\n|-unboost|p2a: Doggo|def|1\n|-unboost|p2a: Doggo|spd|1\n|-activate|p1a: Glimmora|ability: Toxic Debris\n|-sidestart|p2: josemgv357|move: Toxic Spikes\n|-enditem|p1a: Glimmora|Red Card|[of] p2a: Doggo\n|drag|p2a: Headcrab|Slowking-Galar, M|100/100\n|-sideend|p2: josemgv357|move: Toxic Spikes|[of] p2a: Headcrab\n|move|p1a: Glimmora|Earth Power|p2a: Headcrab\n|-supereffective|p2a: Headcrab\n|-damage|p2a: Headcrab|70/100\n|-unboost|p2a: Headcrab|spd|1\n|\n|upkeep\n|turn|5\n|\n|t:|1788296378\n|switch|p2a: Cooler samurott|Samurott-Hisui, M|100/100\n|-damage|p2a: Cooler samurott|88/100|[from] Stealth Rock\n|move|p1a: Glimmora|Earth Power|p2a: Cooler samurott\n|-damage|p2a: Cooler samurott|65/100\n|\n|upkeep\n|turn|6\n|\n|t:|1788296382\n|move|p2a: Cooler samurott|Aqua Cutter|p1a: Glimmora\n|-supereffective|p1a: Glimmora\n|-damage|p1a: Glimmora|0 fnt\n|-activate|p1a: Glimmora|ability: Toxic Debris\n|-sidestart|p2: josemgv357|move: Toxic Spikes\n|faint|p1a: Glimmora\n|\n|upkeep\n|\n|t:|1788296386\n|switch|p1a: Ogerpon|Ogerpon-Wellspring, F|100/100\n|turn|7\n|\n|t:|1788296399\n|move|p1a: Ogerpon|Play Rough|p2a: Cooler samurott\n|-supereffective|p2a: Cooler samurott\n|-damage|p2a: Cooler samurott|0 fnt\n|faint|p2a: Cooler samurott\n|\n|upkeep\n|\n|t:|1788296403\n|switch|p2a: Headcrab|Slowking-Galar, M|100/100\n|-sideend|p2: josemgv357|move: Toxic Spikes|[of] p2a: Headcrab\n|turn|8\n|\n|t:|1788296407\n|switch|p1a: Kingambit|Kingambit, F, shiny|100/100\n|-activate|p1a: Kingambit|ability: Supreme Overlord\n|-start|p1a: Kingambit|fallen2|[silent]\n|move|p2a: Headcrab|Thunder Wave|p1a: Kingambit\n|-status|p1a: Kingambit|par\n|\n|upkeep\n|turn|9\n|\n|t:|1788296417\n|switch|p2a: Okay Tusk|Great Tusk|100/100\n|-damage|p2a: Okay Tusk|98/100|[from] Stealth Rock\n|move|p1a: Kingambit|Iron Head|p2a: Okay Tusk\n|-damage|p2a: Okay Tusk|73/100\n|\n|-heal|p2a: Okay Tusk|79/100|[from] item: Leftovers\n|upkeep\n|turn|10\n|\n|t:|1788296424\n|-end|p1a: Kingambit|fallen2|[silent]\n|switch|p1a: Ogerpon|Ogerpon-Wellspring, F|100/100\n|move|p2a: Okay Tusk|Stealth Rock|p1a: Ogerpon\n|-sidestart|p1: suhayb1910|move: Stealth Rock\n|\n|-heal|p2a: Okay Tusk|85/100|[from] item: Leftovers\n|upkeep\n|turn|11\n|\n|t:|1788296442\n|-end|p2a: Okay Tusk|Protosynthesis|[silent]\n|switch|p2a: Old Money|Gholdengo|100/100\n|-damage|p2a: Old Money|94/100|[from] Stealth Rock\n|move|p1a: Ogerpon|Power Whip|p2a: Old Money\n|-resisted|p2a: Old Money\n|-damage|p2a: Old Money|56/100\n|\n|upkeep\n|turn|12\n|\n|t:|1788296448\n|switch|p1a: Kingambit|Kingambit, F, shiny|100/100 par\n|-damage|p1a: Kingambit|94/100 par|[from] Stealth Rock\n|-activate|p1a: Kingambit|ability: Supreme Overlord\n|-start|p1a: Kingambit|fallen2|[silent]\n|move|p2a: Old Money|Shadow Ball|p1a: Kingambit\n|-resisted|p1a: Kingambit\n|-damage|p1a: Kingambit|75/100 par\n|-unboost|p1a: Kingambit|spd|1\n|\n|-heal|p1a: Kingambit|81/100 par|[from] item: Leftovers\n|upkeep\n|turn|13\n|\n|t:|1788296452\n|switch|p2a: Okay Tusk|Great Tusk|85/100\n|-damage|p2a: Okay Tusk|82/100|[from] Stealth Rock\n|-end|p1a: Kingambit|fallen2|[silent]\n|switch|p1a: Ogerpon|Ogerpon-Wellspring, F|100/100\n|-damage|p1a: Ogerpon|88/100|[from] Stealth Rock\n|\n|-heal|p2a: Okay Tusk|88/100|[from] item: Leftovers\n|upkeep\n|turn|14\n|\n|t:|1788296456\n|-end|p2a: Okay Tusk|Protosynthesis|[silent]\n|switch|p2a: Old Money|Gholdengo|56/100\n|-damage|p2a: Old Money|50/100|[from] Stealth Rock\n|move|p1a: Ogerpon|Ivy Cudgel|p2a: Old Money|[anim] Ivy Cudgel Water\n|-damage|p2a: Old Money|0 fnt\n|faint|p2a: Old Money\n|\n|upkeep\n|\n|t:|1788296461\n|switch|p2a: Performative|Sinistcha-Masterpiece|24/100\n|turn|15\n|\n|t:|1788296464\n|move|p1a: Ogerpon|Play Rough|p2a: Performative|[miss]\n|-miss|p1a: Ogerpon|p2a: Performative\n|move|p2a: Performative|Strength Sap|p1a: Ogerpon\n|-unboost|p1a: Ogerpon|atk|1\n|-heal|p2a: Performative|100/100\n|\n|upkeep\n|turn|16\n|\n|t:|1788296472\n|switch|p1a: Kingambit|Kingambit, F, shiny|81/100 par\n|-damage|p1a: Kingambit|75/100 par|[from] Stealth Rock\n|-activate|p1a: Kingambit|ability: Supreme Overlord\n|-start|p1a: Kingambit|fallen2|[silent]\n|move|p2a: Performative|Strength Sap|p1a: Kingambit\n|-unboost|p1a: Kingambit|atk|1\n|\n|-heal|p1a: Kingambit|81/100 par|[from] item: Leftovers\n|upkeep\n|turn|17\n|\n|t:|1788296478\n|-end|p1a: Kingambit|fallen2|[silent]\n|switch|p1a: Moltres|Moltres|100/100\n|move|p2a: Performative|Strength Sap|p1a: Moltres\n|-unboost|p1a: Moltres|atk|1\n|\n|upkeep\n|turn|18\n|\n|t:|1788296483\n|switch|p2a: Headcrab|Slowking-Galar, M|100/100\n|move|p1a: Moltres|U-turn|p2a: Headcrab\n|-damage|p2a: Headcrab|90/100\n|\n|t:|1788296486\n|switch|p1a: Kingambit|Kingambit, F, shiny|81/100 par|[from] U-turn\n|-damage|p1a: Kingambit|75/100 par|[from] Stealth Rock\n|-activate|p1a: Kingambit|ability: Supreme Overlord\n|-start|p1a: Kingambit|fallen2|[silent]\n|\n|-heal|p1a: Kingambit|81/100 par|[from] item: Leftovers\n|upkeep\n|turn|19\n|\n|t:|1788296488\n|switch|p2a: Okay Tusk|Great Tusk|88/100\n|-damage|p2a: Okay Tusk|85/100|[from] Stealth Rock\n|move|p1a: Kingambit|Iron Head|p2a: Okay Tusk\n|-damage|p2a: Okay Tusk|57/100\n|\n|-heal|p2a: Okay Tusk|63/100|[from] item: Leftovers\n|-heal|p1a: Kingambit|87/100 par|[from] item: Leftovers\n|upkeep\n|turn|20\n|\n|t:|1788296492\n|-end|p1a: Kingambit|fallen2|[silent]\n|switch|p1a: Moltres|Moltres|100/100\n|move|p2a: Okay Tusk|Knock Off|p1a: Moltres\n|-damage|p1a: Moltres|82/100\n|-enditem|p1a: Moltres|Heavy-Duty Boots|[from] move: Knock Off|[of] p2a: Okay Tusk\n|\n|-heal|p2a: Okay Tusk|69/100|[from] item: Leftovers\n|upkeep\n|turn|21\n|\n|t:|1788296498\n|-end|p2a: Okay Tusk|Protosynthesis|[silent]\n|switch|p2a: Headcrab|Slowking-Galar, M|100/100\n|move|p1a: Moltres|U-turn|p2a: Headcrab\n|-damage|p2a: Headcrab|86/100\n|\n|t:|1788296500\n|switch|p1a: Kingambit|Kingambit, F, shiny|87/100 par|[from] U-turn\n|-damage|p1a: Kingambit|81/100 par|[from] Stealth Rock\n|-activate|p1a: Kingambit|ability: Supreme Overlord\n|-start|p1a: Kingambit|fallen2|[silent]\n|\n|-heal|p1a: Kingambit|87/100 par|[from] item: Leftovers\n|upkeep\n|turn|22\n|\n|t:|1788296503\n|switch|p2a: Okay Tusk|Great Tusk|69/100\n|-damage|p2a: Okay Tusk|66/100|[from] Stealth Rock\n|move|p1a: Kingambit|Iron Head|p2a: Okay Tusk\n|-damage|p2a: Okay Tusk|41/100\n|\n|-heal|p2a: Okay Tusk|47/100|[from] item: Leftovers\n|-heal|p1a: Kingambit|93/100 par|[from] item: Leftovers\n|upkeep\n|turn|23\n|\n|t:|1788296509\n|-end|p1a: Kingambit|fallen2|[silent]\n|switch|p1a: Moltres|Moltres|82/100\n|-damage|p1a: Moltres|32/100|[from] Stealth Rock\n|move|p2a: Okay Tusk|Knock Off|p1a: Moltres\n|-damage|p1a: Moltres|19/100\n|-status|p2a: Okay Tusk|brn|[from] ability: Flame Body|[of] p1a: Moltres\n|\n|-heal|p2a: Okay Tusk|53/100 brn|[from] item: Leftovers\n|-damage|p2a: Okay Tusk|47/100 brn|[from] brn\n|upkeep\n|turn|24\n|\n|t:|1788296514\n|move|p1a: Moltres|Flamethrower|p2a: Okay Tusk\n|-damage|p2a: Okay Tusk|0 fnt\n|faint|p2a: Okay Tusk\n|-end|p2a: Okay Tusk|Protosynthesis|[silent]\n|\n|upkeep\n|\n|t:|1788296527\n|switch|p2a: Doggo|Arcanine-Hisui, F|68/100\n|-damage|p2a: Doggo|43/100|[from] Stealth Rock\n|turn|25\n|j| DA COME UP\n|\n|t:|1788296532\n|move|p2a: Doggo|Flare Blitz|p1a: Moltres\n|-resisted|p1a: Moltres\n|-damage|p1a: Moltres|0 fnt\n|faint|p1a: Moltres\n|\n|upkeep\n|\n|t:|1788296536\n|switch|p1a: Ogerpon|Ogerpon-Wellspring, F|88/100\n|-damage|p1a: Ogerpon|76/100|[from] Stealth Rock\n|turn|26\n|\n|t:|1788296541\n|switch|p2a: Performative|Sinistcha-Masterpiece|100/100\n|move|p1a: Ogerpon|Ivy Cudgel|p2a: Performative|[anim] Ivy Cudgel Water\n|-resisted|p2a: Performative\n|-damage|p2a: Performative|82/100\n|\n|upkeep\n|turn|27\n|\n|t:|1788296547\n|switch|p1a: Kingambit|Kingambit, F, shiny|93/100 par\n|-damage|p1a: Kingambit|87/100 par|[from] Stealth Rock\n|-activate|p1a: Kingambit|ability: Supreme Overlord\n|-start|p1a: Kingambit|fallen3|[silent]\n|switch|p2a: Doggo|Arcanine-Hisui, F|43/100\n|-damage|p2a: Doggo|18/100|[from] Stealth Rock\n|\n|-heal|p1a: Kingambit|93/100 par|[from] item: Leftovers\n|upkeep\n|turn|28\n|\n|t:|1788296551\n|-terastallize|p2a: Doggo|Normal\n|move|p2a: Doggo|Extreme Speed|p1a: Kingambit\n|-resisted|p1a: Kingambit\n|-damage|p1a: Kingambit|69/100 par\n|move|p1a: Kingambit|Sucker Punch||[still]\n|-fail|p1a: Kingambit\n|\n|-heal|p1a: Kingambit|75/100 par|[from] item: Leftovers\n|upkeep\n|turn|29\n|j| brooomdooom\n|-message|josemgv357 forfeited.\n|\n|win|suhayb1910\n|raw|suhayb1910's rating: 1623 &rarr; <strong>1640</strong><br />(+17 for winning)\n|raw|josemgv357's rating: 1573 &rarr; <strong>1556</strong><br />(-17 for losing)\n|l|\u2606josemgv357\n|player|p2|\n", "uploadtime": 1788296566, "views": "0", "formatid": "gen9ou", "rating": 1556, "private": 0, "password": null}