{"id": "gen9ou-2673912734", "format": "[Gen 9] OU", "players": ["prakshep", "nothingbutnet"], "log": "|j|\u2606prakshep\n|j|\u2606nothingbutnet\n|t:|1788276341\n|gametype|singles\n|player|p1|prakshep|nate|1399\n|player|p2|nothingbutnet|170|1416\n|gen|9\n|tier|[Gen 9] OU\n|rated|\n|rule|HP Percentage Mod: HP is shown in percentages\n|rule|Endless Battle Clause: Forcing endless battles is banned\n|rule|Species Clause: Limit one of each Pok\u00e9mon\n|rule|OHKO Clause: OHKO moves are banned\n|rule|Evasion Items Clause: Evasion items are banned\n|rule|Evasion Moves Clause: Evasion moves are banned\n|rule|Evasion Abilities Clause: Evasion abilities are banned\n|rule|Sleep Moves Clause: Sleep-inducing moves are banned\n|clearpoke\n|poke|p1|Cinderace, F|\n|poke|p1|Maushold-Four|\n|poke|p1|Polteageist-Antique|\n|poke|p1|Zapdos|\n|poke|p1|Dragonite, M|\n|poke|p1|Kingambit, M|\n|poke|p2|Landorus-Therian, M|\n|poke|p2|Darkrai|\n|poke|p2|Hatterene, F|\n|poke|p2|Garchomp, M|\n|poke|p2|Gholdengo|\n|poke|p2|Ogerpon-Wellspring, F|\n|teampreview\n|inactive|Battle timer is ON: inactive players will automatically lose when time's up. (requested by prakshep)\n|\n|t:|1788276360\n|teamsize|p1|6\n|teamsize|p2|6\n|start\n|switch|p1a: Zapdos|Zapdos, shiny|100/100\n|switch|p2a: Landorus|Landorus-Therian, M|100/100\n|-ability|p2a: Landorus|Intimidate|boost\n|-unboost|p1a: Zapdos|atk|1\n|turn|1\n|\n|t:|1788276370\n|move|p2a: Landorus|Stone Edge|p1a: Zapdos\n|-supereffective|p1a: Zapdos\n|-damage|p1a: Zapdos|14/100\n|move|p1a: Zapdos|Hurricane|p2a: Landorus\n|-damage|p2a: Landorus|23/100\n|\n|-heal|p1a: Zapdos|20/100|[from] item: Leftovers\n|upkeep\n|turn|2\n|l|\u2606nothingbutnet\n|inactive|nothingbutnet disconnected and has a minute to reconnect!\n|player|p2|\n|j|\u2606nothingbutnet\n|inactive|nothingbutnet reconnected and has 140 seconds left.\n|player|p2|nothingbutnet|170|\n|\n|t:|1788276390\n|switch|p2a: Garchomp|Garchomp, M|100/100\n|move|p1a: Zapdos|Roost|p1a: Zapdos\n|-heal|p1a: Zapdos|70/100\n|-singleturn|p1a: Zapdos|move: Roost\n|\n|-heal|p1a: Zapdos|76/100|[from] item: Leftovers\n|upkeep\n|turn|3\n|\n|t:|1788276394\n|move|p1a: Zapdos|Hurricane|p2a: Garchomp\n|-damage|p2a: Garchomp|47/100\n|move|p2a: Garchomp|Stealth Rock|p1a: Zapdos\n|-sidestart|p1: prakshep|move: Stealth Rock\n|\n|-heal|p1a: Zapdos|82/100|[from] item: Leftovers\n|upkeep\n|turn|4\n|\n|t:|1788276416\n|switch|p2a: Hatterene|Hatterene, F|100/100\n|move|p1a: Zapdos|Hurricane|p2a: Hatterene\n|-damage|p2a: Hatterene|68/100\n|\n|-heal|p1a: Zapdos|88/100|[from] item: Leftovers\n|upkeep\n|turn|5\n|\n|t:|1788276426\n|move|p1a: Zapdos|Thunderbolt|p2a: Hatterene\n|-damage|p2a: Hatterene|39/100\n|move|p2a: Hatterene|Psyshock|p1a: Zapdos\n|-damage|p1a: Zapdos|37/100\n|\n|-heal|p1a: Zapdos|43/100|[from] item: Leftovers\n|upkeep\n|turn|6\n|\n|t:|1788276431\n|move|p1a: Zapdos|Roost|p1a: Zapdos\n|-heal|p1a: Zapdos|93/100\n|-singleturn|p1a: Zapdos|move: Roost\n|move|p2a: Hatterene|Psyshock|p1a: Zapdos\n|-damage|p1a: Zapdos|45/100\n|\n|-heal|p1a: Zapdos|51/100|[from] item: Leftovers\n|upkeep\n|turn|7\n|\n|t:|1788276437\n|move|p1a: Zapdos|Hurricane|p2a: Hatterene\n|-damage|p2a: Hatterene|7/100\n|move|p2a: Hatterene|Psychic Noise|p1a: Zapdos\n|-damage|p1a: Zapdos|11/100\n|-start|p1a: Zapdos|move: Heal Block\n|\n|upkeep\n|turn|8\n|\n|t:|1788276445\n|move|p1a: Zapdos|Thunderbolt|p2a: Hatterene\n|-damage|p2a: Hatterene|0 fnt\n|faint|p2a: Hatterene\n|\n|-end|p1a: Zapdos|move: Heal Block\n|upkeep\n|\n|t:|1788276458\n|switch|p2a: Ogerpon|Ogerpon-Wellspring, F|100/100\n|turn|9\n|\n|t:|1788276485\n|move|p2a: Ogerpon|Ivy Cudgel|p1a: Zapdos|[anim] Ivy Cudgel Water\n|-damage|p1a: Zapdos|0 fnt\n|faint|p1a: Zapdos\n|\n|upkeep\n|\n|t:|1788276488\n|switch|p1a: Maushold|Maushold-Four, shiny|100/100\n|-damage|p1a: Maushold|88/100|[from] Stealth Rock\n|turn|10\n|\n|t:|1788276496\n|switch|p2a: Gholdengo|Gholdengo|100/100\n|-item|p2a: Gholdengo|Air Balloon\n|move|p1a: Maushold|Tidy Up|p1a: Maushold\n|-sideend|p1: prakshep|Stealth Rock\n|-activate|p1a: Maushold|move: Tidy Up\n|-boost|p1a: Maushold|atk|1\n|-boost|p1a: Maushold|spe|1\n|\n|upkeep\n|turn|11\n|\n|t:|1788276506\n|move|p1a: Maushold|Bite|p2a: Gholdengo\n|-supereffective|p2a: Gholdengo\n|-damage|p2a: Gholdengo|51/100\n|-enditem|p2a: Gholdengo|Air Balloon\n|move|p2a: Gholdengo|Make It Rain|p1a: Maushold\n|-damage|p1a: Maushold|9/100\n|-unboost|p2a: Gholdengo|spa|1\n|\n|upkeep\n|turn|12\n|l|\u2606prakshep\n|inactive|prakshep disconnected and has a minute to reconnect!\n|player|p1|\n|j|\u2606prakshep\n|inactive|prakshep reconnected and has 125 seconds left.\n|player|p1|prakshep|nate|\n|inactive|prakshep has 120 seconds left.\n|\n|t:|1788276543\n|move|p1a: Maushold|Bite|p2a: Gholdengo\n|-supereffective|p2a: Gholdengo\n|-damage|p2a: Gholdengo|3/100\n|cant|p2a: Gholdengo|flinch\n|\n|upkeep\n|turn|13\n|inactive|prakshep has 120 seconds left.\n|\n|t:|1788276549\n|move|p1a: Maushold|Bite|p2a: Gholdengo\n|-supereffective|p2a: Gholdengo\n|-damage|p2a: Gholdengo|0 fnt\n|faint|p2a: Gholdengo\n|\n|upkeep\n|\n|t:|1788276553\n|switch|p2a: Garchomp|Garchomp, M|47/100\n|turn|14\n|\n|t:|1788276559\n|move|p1a: Maushold|Tidy Up|p1a: Maushold\n|-boost|p1a: Maushold|atk|1\n|-boost|p1a: Maushold|spe|1\n|move|p2a: Garchomp|Dragon Tail|p1a: Maushold\n|-damage|p1a: Maushold|0 fnt\n|faint|p1a: Maushold\n|\n|upkeep\n|\n|t:|1788276573\n|switch|p1a: Cinderace|Cinderace, F, shiny|100/100\n|turn|15\n|\n|t:|1788276581\n|move|p1a: Cinderace|High Jump Kick|p2a: Garchomp\n|-start|p1a: Cinderace|typechange|Fighting|[from] ability: Libero\n|-damage|p2a: Garchomp|11/100\n|-damage|p1a: Cinderace|88/100|[from] ability: Rough Skin|[of] p2a: Garchomp\n|-damage|p1a: Cinderace|72/100|[from] item: Rocky Helmet|[of] p2a: Garchomp\n|move|p2a: Garchomp|Earthquake|p1a: Cinderace\n|-damage|p1a: Cinderace|12/100\n|\n|upkeep\n|turn|16\n|\n|t:|1788276589\n|move|p1a: Cinderace|Pyro Ball|p2a: Garchomp\n|-resisted|p2a: Garchomp\n|-damage|p2a: Garchomp|0 fnt\n|faint|p2a: Garchomp\n|\n|upkeep\n|\n|t:|1788276603\n|switch|p2a: Darkrai|Darkrai|100/100\n|turn|17\n|\n|t:|1788276618\n|move|p2a: Darkrai|Dark Pulse|p1a: Cinderace\n|-resisted|p1a: Cinderace\n|-damage|p1a: Cinderace|0 fnt\n|faint|p1a: Cinderace\n|\n|upkeep\n|\n|t:|1788276627\n|switch|p1a: Dragonite|Dragonite, M, shiny|100/100\n|turn|18\n|\n|t:|1788276637\n|move|p2a: Darkrai|Dark Pulse|p1a: Dragonite\n|-damage|p1a: Dragonite|64/100\n|move|p1a: Dragonite|Dragon Dance|p1a: Dragonite\n|-boost|p1a: Dragonite|atk|1\n|-boost|p1a: Dragonite|spe|1\n|\n|upkeep\n|turn|19\n|\n|t:|1788276647\n|move|p1a: Dragonite|Dragon Claw|p2a: Darkrai\n|-damage|p2a: Darkrai|19/100\n|move|p2a: Darkrai|Dark Pulse|p1a: Dragonite\n|-damage|p1a: Dragonite|0 fnt\n|faint|p1a: Dragonite\n|\n|upkeep\n|\n|t:|1788276653\n|switch|p1a: Kingambit|Kingambit, M, shiny|100/100\n|-activate|p1a: Kingambit|ability: Supreme Overlord\n|-start|p1a: Kingambit|fallen4|[silent]\n|turn|20\n|\n|t:|1788276659\n|switch|p2a: Ogerpon|Ogerpon-Wellspring, F|100/100\n|move|p1a: Kingambit|Iron Head|p2a: Ogerpon\n|-resisted|p2a: Ogerpon\n|-damage|p2a: Ogerpon|58/100\n|\n|upkeep\n|turn|21\n|\n|t:|1788276665\n|move|p2a: Ogerpon|Ivy Cudgel|p1a: Kingambit|[anim] Ivy Cudgel Water\n|-damage|p1a: Kingambit|60/100\n|move|p1a: Kingambit|Brick Break|p2a: Ogerpon\n|-damage|p2a: Ogerpon|0 fnt\n|faint|p2a: Ogerpon\n|\n|-heal|p1a: Kingambit|66/100|[from] item: Leftovers\n|upkeep\n|\n|t:|1788276671\n|switch|p2a: Landorus|Landorus-Therian, M|23/100\n|-ability|p2a: Landorus|Intimidate|boost\n|-unboost|p1a: Kingambit|atk|1\n|turn|22\n|\n|t:|1788276690\n|move|p1a: Kingambit|Sucker Punch|p2a: Landorus\n|-damage|p2a: Landorus|0 fnt\n|faint|p2a: Landorus\n|\n|-heal|p1a: Kingambit|72/100|[from] item: Leftovers\n|upkeep\n|\n|t:|1788276693\n|switch|p2a: Darkrai|Darkrai|19/100\n|turn|23\n|\n|t:|1788276704\n|-terastallize|p2a: Darkrai|Dark\n|move|p2a: Darkrai|Dark Pulse|p1a: Kingambit\n|-resisted|p1a: Kingambit\n|-damage|p1a: Kingambit|25/100\n|move|p1a: Kingambit|Iron Head|p2a: Darkrai\n|-damage|p2a: Darkrai|0 fnt\n|faint|p2a: Darkrai\n|\n|win|prakshep\n|raw|prakshep's rating: 1399 &rarr; <strong>1420</strong><br />(+21 for winning)\n|raw|nothingbutnet's rating: 1416 &rarr; <strong>1395</strong><br />(-21 for losing)\n|l|\u2606nothingbutnet\n|player|p2|\n|l|\u2606prakshep\n|player|p1|\n", "uploadtime": 1788276912, "views": "1", "formatid": "gen9ou", "rating": 1395, "private": 0, "password": null}