{"id": "gen9ou-2673866327", "format": "[Gen 9] OU", "players": ["Hero24", "denomphenoms"], "log": "|j|\u2606Hero24\n|j|\u2606denomphenoms\n|t:|1788270561\n|gametype|singles\n|player|p1|Hero24|fisherman-gen4|1446\n|player|p2|denomphenoms|2|1384\n|gen|9\n|tier|[Gen 9] OU\n|rated|\n|rule|HP Percentage Mod: HP is shown in percentages\n|rule|Endless Battle Clause: Forcing endless battles is banned\n|rule|Species Clause: Limit one of each Pok\u00e9mon\n|rule|OHKO Clause: OHKO moves are banned\n|rule|Evasion Items Clause: Evasion items are banned\n|rule|Evasion Moves Clause: Evasion moves are banned\n|rule|Evasion Abilities Clause: Evasion abilities are banned\n|rule|Sleep Moves Clause: Sleep-inducing moves are banned\n|clearpoke\n|poke|p1|Zamazenta-*|\n|poke|p1|Ogerpon-Wellspring, F|\n|poke|p1|Cinderace, M|\n|poke|p1|Tornadus-Therian, M|\n|poke|p1|Iron Treads|\n|poke|p1|Iron Valiant|\n|poke|p2|Zapdos|\n|poke|p2|Iron Treads|\n|poke|p2|Samurott-Hisui, M|\n|poke|p2|Ceruledge, M|\n|poke|p2|Gholdengo|\n|poke|p2|Kingambit, M|\n|teampreview\n|inactive|Battle timer is ON: inactive players will automatically lose when time's up. (requested by Hero24)\n|j| sdkid\n|inactive|denomphenoms has 120 seconds left.\n|inactive|denomphenoms has 90 seconds left.\n|\n|t:|1788270624\n|teamsize|p1|6\n|teamsize|p2|6\n|start\n|switch|p1a: Ogerpon|Ogerpon-Wellspring, F|100/100\n|switch|p2a: Gholdengo|Gholdengo|100/100\n|-item|p2a: Gholdengo|Air Balloon\n|turn|1\n|\n|t:|1788270631\n|move|p1a: Ogerpon|Ivy Cudgel|p2a: Gholdengo|[anim] Ivy Cudgel Water\n|-crit|p2a: Gholdengo\n|-damage|p2a: Gholdengo|37/100\n|-enditem|p2a: Gholdengo|Air Balloon\n|move|p2a: Gholdengo|Thunder Wave|p1a: Ogerpon\n|-status|p1a: Ogerpon|par\n|\n|upkeep\n|turn|2\n|\n|t:|1788270660\n|switch|p1a: Iron Treads|Iron Treads|100/100\n|move|p2a: Gholdengo|Recover|p2a: Gholdengo\n|-heal|p2a: Gholdengo|87/100\n|\n|upkeep\n|turn|3\n|inactive|Hero24 has 120 seconds left.\n|\n|t:|1788270685\n|move|p1a: Iron Treads|Earthquake|p2a: Gholdengo\n|-supereffective|p2a: Gholdengo\n|-damage|p2a: Gholdengo|17/100\n|move|p2a: Gholdengo|Focus Blast|p1a: Iron Treads\n|-supereffective|p1a: Iron Treads\n|-damage|p1a: Iron Treads|0 fnt\n|faint|p1a: Iron Treads\n|-end|p1a: Iron Treads|Quark Drive|[silent]\n|\n|upkeep\n|inactive|Hero24 has 90 seconds left.\n|\n|t:|1788270713\n|switch|p1a: Cinderace|Cinderace, M|100/100\n|turn|4\n|inactive|Hero24 has 90 seconds left.\n|inactive|denomphenoms has 120 seconds left.\n|inactive|Hero24 has 60 seconds left.\n|inactive|denomphenoms has 90 seconds left.\n|inactive|denomphenoms has 60 seconds left.\n|\n|t:|1788270806\n|switch|p1a: Zamazenta|Zamazenta|100/100\n|-ability|p1a: Zamazenta|Dauntless Shield|boost\n|-boost|p1a: Zamazenta|def|1\n|switch|p2a: Ceruledge|Ceruledge, M|100/100\n|\n|upkeep\n|turn|5\n|\n|t:|1788270827\n|move|p1a: Zamazenta|Stone Edge|p2a: Ceruledge\n|-supereffective|p2a: Ceruledge\n|-damage|p2a: Ceruledge|0 fnt\n|faint|p2a: Ceruledge\n|-damage|p1a: Zamazenta|91/100|[from] item: Life Orb\n|\n|upkeep\n|\n|t:|1788270834\n|switch|p2a: Kingambit|Kingambit, M|100/100\n|-activate|p2a: Kingambit|ability: Supreme Overlord\n|-start|p2a: Kingambit|fallen1|[silent]\n|turn|6\n|\n|t:|1788270851\n|-end|p2a: Kingambit|fallen1|[silent]\n|switch|p2a: Gholdengo|Gholdengo|17/100\n|move|p1a: Zamazenta|Crunch|p2a: Gholdengo\n|-supereffective|p2a: Gholdengo\n|-damage|p2a: Gholdengo|0 fnt\n|faint|p2a: Gholdengo\n|-damage|p1a: Zamazenta|81/100|[from] item: Life Orb\n|\n|upkeep\n|\n|t:|1788270862\n|switch|p2a: Zapdos|Zapdos|100/100\n|turn|7\n|\n|t:|1788270887\n|-terastallize|p1a: Zamazenta|Dark\n|-terastallize|p2a: Zapdos|Steel\n|move|p1a: Zamazenta|Stone Edge|p2a: Zapdos|[miss]\n|-miss|p1a: Zamazenta|p2a: Zapdos\n|move|p2a: Zapdos|Thunder Wave|p1a: Zamazenta\n|-status|p1a: Zamazenta|par\n|\n|upkeep\n|turn|8\n|\n|t:|1788270897\n|move|p2a: Zapdos|Volt Switch|p1a: Zamazenta\n|-damage|p1a: Zamazenta|55/100 par\n|\n|t:|1788270899\n|switch|p2a: Iron Treads|Iron Treads|100/100|[from] Volt Switch\n|move|p1a: Zamazenta|Close Combat|p2a: Iron Treads\n|-supereffective|p2a: Iron Treads\n|-damage|p2a: Iron Treads|0 fnt\n|-unboost|p1a: Zamazenta|def|1\n|-unboost|p1a: Zamazenta|spd|1\n|faint|p2a: Iron Treads\n|-end|p2a: Iron Treads|Quark Drive|[silent]\n|-damage|p1a: Zamazenta|45/100 par|[from] item: Life Orb\n|\n|upkeep\n|\n|t:|1788270903\n|switch|p2a: Kingambit|Kingambit, M|100/100\n|-activate|p2a: Kingambit|ability: Supreme Overlord\n|-start|p2a: Kingambit|fallen3|[silent]\n|turn|9\n|inactive|Hero24 has 60 seconds left.\n|\n|t:|1788270914\n|move|p2a: Kingambit|Low Kick|p1a: Zamazenta\n|-supereffective|p1a: Zamazenta\n|-damage|p1a: Zamazenta|0 fnt\n|faint|p1a: Zamazenta\n|\n|upkeep\n|\n|t:|1788270927\n|switch|p1a: Cinderace|Cinderace, M|100/100\n|turn|10\n|\n|t:|1788270933\n|move|p1a: Cinderace|Pyro Ball|p2a: Kingambit\n|-supereffective|p2a: Kingambit\n|-damage|p2a: Kingambit|0 fnt\n|faint|p2a: Kingambit\n|-end|p2a: Kingambit|fallen3|[silent]\n|\n|upkeep\n|\n|t:|1788270939\n|switch|p2a: Samurott|Samurott-Hisui, M|100/100\n|turn|11\n|\n|t:|1788270943\n|move|p1a: Cinderace|U-turn|p2a: Samurott\n|-start|p1a: Cinderace|typechange|Bug|[from] ability: Libero\n|-supereffective|p2a: Samurott\n|-damage|p2a: Samurott|33/100\n|inactive|Hero24 has 60 seconds left.\n|\n|t:|1788270963\n|switch|p1a: Tornadus|Tornadus-Therian, M|100/100|[from] U-turn\n|move|p2a: Samurott|Ceaseless Edge|p1a: Tornadus\n|-damage|p1a: Tornadus|43/100\n|-sidestart|p1: Hero24|Spikes\n|\n|upkeep\n|turn|12\n|\n|t:|1788270973\n|switch|p2a: Zapdos|Zapdos, tera:Steel|100/100\n|move|p1a: Tornadus|Grass Knot|p2a: Zapdos\n|-resisted|p2a: Zapdos\n|-damage|p2a: Zapdos|86/100\n|-damage|p1a: Tornadus|33/100|[from] item: Life Orb\n|\n|upkeep\n|turn|13\n|\n|t:|1788270980\n|switch|p1a: Ogerpon|Ogerpon-Wellspring, F|100/100 par\n|-damage|p1a: Ogerpon|88/100 par|[from] Spikes\n|move|p2a: Zapdos|Volt Switch|p1a: Ogerpon\n|-damage|p1a: Ogerpon|55/100 par\n|\n|t:|1788270983\n|switch|p2a: Samurott|Samurott-Hisui, M|33/100|[from] Volt Switch\n|\n|upkeep\n|turn|14\n|\n|t:|1788270990\n|move|p2a: Samurott|Ceaseless Edge|p1a: Ogerpon\n|-damage|p1a: Ogerpon|0 fnt\n|-sidestart|p1: Hero24|Spikes\n|faint|p1a: Ogerpon\n|\n|upkeep\n|\n|t:|1788271000\n|switch|p1a: Cinderace|Cinderace, M|100/100\n|turn|15\n|\n|t:|1788271003\n|move|p1a: Cinderace|U-turn|p2a: Samurott\n|-start|p1a: Cinderace|typechange|Bug|[from] ability: Libero\n|-supereffective|p2a: Samurott\n|-damage|p2a: Samurott|0 fnt\n|faint|p2a: Samurott\n|\n|t:|1788271008\n|switch|p1a: Tornadus|Tornadus-Therian, M|66/100|[from] U-turn\n|\n|upkeep\n|\n|t:|1788271010\n|switch|p2a: Zapdos|Zapdos, tera:Steel|86/100\n|turn|16\n|\n|t:|1788271014\n|move|p1a: Tornadus|Heat Wave|p2a: Zapdos\n|-supereffective|p2a: Zapdos\n|-damage|p2a: Zapdos|17/100\n|-damage|p1a: Tornadus|57/100|[from] item: Life Orb\n|move|p2a: Zapdos|Volt Switch|p1a: Tornadus\n|-supereffective|p1a: Tornadus\n|-damage|p1a: Tornadus|0 fnt\n|faint|p1a: Tornadus\n|\n|upkeep\n|\n|t:|1788271018\n|switch|p1a: Iron Valiant|Iron Valiant|100/100\n|-damage|p1a: Iron Valiant|84/100|[from] Spikes\n|-enditem|p1a: Iron Valiant|Booster Energy\n|-activate|p1a: Iron Valiant|ability: Quark Drive|[fromitem]\n|-start|p1a: Iron Valiant|quarkdrivespe\n|turn|17\n|-message|denomphenoms forfeited.\n|\n|win|Hero24\n|raw|Hero24's rating: 1446 &rarr; <strong>1462</strong><br />(+16 for winning)\n|raw|denomphenoms's rating: 1384 &rarr; <strong>1368</strong><br />(-16 for losing)\n|l|\u2606denomphenoms\n|player|p2|\n", "uploadtime": 1788271024, "views": "2", "formatid": "gen9ou", "rating": 1368, "private": 0, "password": null}