{"id": "gen9ou-2673883552", "format": "[Gen 9] OU", "players": ["suhayb1910", "kangarooteam1"], "log": "|j|\u2606suhayb1910\n|j|\u2606kangarooteam1\n|t:|1788272760\n|gametype|singles\n|player|p1|suhayb1910|volo|1614\n|player|p2|kangarooteam1|1|1685\n|gen|9\n|tier|[Gen 9] OU\n|rated|\n|rule|HP Percentage Mod: HP is shown in percentages\n|rule|Endless Battle Clause: Forcing endless battles is banned\n|rule|Species Clause: Limit one of each Pok\u00e9mon\n|rule|OHKO Clause: OHKO moves are banned\n|rule|Evasion Items Clause: Evasion items are banned\n|rule|Evasion Moves Clause: Evasion moves are banned\n|rule|Evasion Abilities Clause: Evasion abilities are banned\n|rule|Sleep Moves Clause: Sleep-inducing moves are banned\n|clearpoke\n|poke|p1|Garchomp, M|\n|poke|p1|Kingambit, F|\n|poke|p1|Iron Valiant|\n|poke|p1|Ogerpon-Wellspring, F|\n|poke|p1|Glimmora, M|\n|poke|p1|Moltres|\n|poke|p2|Great Tusk|\n|poke|p2|Gholdengo|\n|poke|p2|Raging Bolt|\n|poke|p2|Iron Valiant|\n|poke|p2|Ogerpon-Wellspring, F|\n|poke|p2|Kingambit, M|\n|teampreview\n|inactive|Battle timer is ON: inactive players will automatically lose when time's up. (requested by kangarooteam1)\n|\n|t:|1788272767\n|teamsize|p1|6\n|teamsize|p2|6\n|start\n|switch|p1a: Ogerpon|Ogerpon-Wellspring, F|100/100\n|switch|p2a: Raging Bolt|Raging Bolt|100/100\n|turn|1\n|\n|t:|1788272774\n|move|p1a: Ogerpon|Play Rough|p2a: Raging Bolt\n|-supereffective|p2a: Raging Bolt\n|-damage|p2a: Raging Bolt|44/100\n|move|p2a: Raging Bolt|Dragon Pulse|p1a: Ogerpon\n|-damage|p1a: Ogerpon|40/100\n|\n|-heal|p2a: Raging Bolt|51/100|[from] item: Leftovers\n|upkeep\n|turn|2\n|\n|t:|1788272782\n|switch|p1a: Glimmora|Glimmora, M, shiny|100/100\n|move|p2a: Raging Bolt|Thunderclap||[still]\n|-fail|p2a: Raging Bolt\n|\n|-heal|p2a: Raging Bolt|57/100|[from] item: Leftovers\n|upkeep\n|turn|3\n|\n|t:|1788272786\n|move|p2a: Raging Bolt|Thunderclap||[still]\n|-fail|p2a: Raging Bolt\n|move|p1a: Glimmora|Spikes|p2a: Raging Bolt\n|-sidestart|p2: kangarooteam1|Spikes\n|\n|-heal|p2a: Raging Bolt|63/100|[from] item: Leftovers\n|upkeep\n|turn|4\n|\n|t:|1788272793\n|move|p1a: Glimmora|Earth Power|p2a: Raging Bolt\n|-supereffective|p2a: Raging Bolt\n|-damage|p2a: Raging Bolt|21/100\n|move|p2a: Raging Bolt|Thunderbolt|p1a: Glimmora\n|-damage|p1a: Glimmora|57/100\n|-enditem|p1a: Glimmora|Red Card|[of] p2a: Raging Bolt\n|-end|p2a: Raging Bolt|Protosynthesis|[silent]\n|drag|p2a: Ogerpon|Ogerpon-Wellspring, F|100/100\n|-damage|p2a: Ogerpon|88/100|[from] Spikes\n|\n|upkeep\n|turn|5\n|\n|t:|1788272799\n|move|p2a: Ogerpon|Ivy Cudgel|p1a: Glimmora|[anim] Ivy Cudgel Water\n|-supereffective|p1a: Glimmora\n|-damage|p1a: Glimmora|0 fnt\n|-activate|p1a: Glimmora|ability: Toxic Debris\n|-sidestart|p2: kangarooteam1|move: Toxic Spikes\n|faint|p1a: Glimmora\n|\n|upkeep\n|\n|t:|1788272807\n|switch|p1a: Ogerpon|Ogerpon-Wellspring, F|40/100\n|turn|6\n|\n|t:|1788272810\n|move|p2a: Ogerpon|Horn Leech|p1a: Ogerpon\n|-damage|p1a: Ogerpon|0 fnt\n|-heal|p2a: Ogerpon|100/100|[from] drain|[of] p1a: Ogerpon\n|faint|p1a: Ogerpon\n|\n|upkeep\n|\n|t:|1788272813\n|switch|p1a: Kingambit|Kingambit, F, shiny|100/100\n|-activate|p1a: Kingambit|ability: Supreme Overlord\n|-start|p1a: Kingambit|fallen2|[silent]\n|turn|7\n|\n|t:|1788272816\n|move|p2a: Ogerpon|Ivy Cudgel|p1a: Kingambit|[anim] Ivy Cudgel Water\n|-damage|p1a: Kingambit|59/100\n|move|p1a: Kingambit|Iron Head|p2a: Ogerpon\n|-resisted|p2a: Ogerpon\n|-damage|p2a: Ogerpon|66/100\n|\n|-heal|p1a: Kingambit|65/100|[from] item: Leftovers\n|upkeep\n|turn|8\n|\n|t:|1788272820\n|switch|p2a: Great Tusk|Great Tusk|100/100\n|-damage|p2a: Great Tusk|88/100|[from] Spikes\n|-status|p2a: Great Tusk|psn\n|move|p1a: Kingambit|Sucker Punch||[still]\n|-fail|p1a: Kingambit\n|\n|-heal|p2a: Great Tusk|94/100 psn|[from] item: Leftovers\n|-heal|p1a: Kingambit|71/100|[from] item: Leftovers\n|-damage|p2a: Great Tusk|82/100 psn|[from] psn\n|upkeep\n|turn|9\n|j| gaze of timaeus\n|\n|t:|1788272823\n|-end|p1a: Kingambit|fallen2|[silent]\n|switch|p1a: Moltres|Moltres|100/100\n|move|p2a: Great Tusk|Earthquake|p1a: Moltres\n|-immune|p1a: Moltres\n|\n|-heal|p2a: Great Tusk|88/100 psn|[from] item: Leftovers\n|-damage|p2a: Great Tusk|76/100 psn|[from] psn\n|upkeep\n|turn|10\n|\n|t:|1788272829\n|move|p2a: Great Tusk|Rapid Spin|p1a: Moltres\n|-damage|p1a: Moltres|90/100\n|-boost|p2a: Great Tusk|spe|1\n|-sideend|p2: kangarooteam1|Spikes|[from] move: Rapid Spin|[of] p2a: Great Tusk\n|-sideend|p2: kangarooteam1|Toxic Spikes|[from] move: Rapid Spin|[of] p2a: Great Tusk\n|move|p1a: Moltres|Flamethrower|p2a: Great Tusk\n|-damage|p2a: Great Tusk|26/100 psn\n|\n|-heal|p2a: Great Tusk|33/100 psn|[from] item: Leftovers\n|-damage|p2a: Great Tusk|20/100 psn|[from] psn\n|upkeep\n|turn|11\n|\n|t:|1788272832\n|move|p2a: Great Tusk|Stealth Rock|p1a: Moltres\n|-sidestart|p1: suhayb1910|move: Stealth Rock\n|move|p1a: Moltres|Roost|p1a: Moltres\n|-heal|p1a: Moltres|100/100\n|-singleturn|p1a: Moltres|move: Roost\n|\n|-heal|p2a: Great Tusk|26/100 psn|[from] item: Leftovers\n|-damage|p2a: Great Tusk|14/100 psn|[from] psn\n|upkeep\n|turn|12\n|\n|t:|1788272835\n|move|p2a: Great Tusk|Knock Off|p1a: Moltres\n|-damage|p1a: Moltres|83/100\n|-enditem|p1a: Moltres|Heavy-Duty Boots|[from] move: Knock Off|[of] p2a: Great Tusk\n|move|p1a: Moltres|Flamethrower|p2a: Great Tusk\n|-damage|p2a: Great Tusk|0 fnt\n|faint|p2a: Great Tusk\n|-end|p2a: Great Tusk|Protosynthesis|[silent]\n|\n|upkeep\n|\n|t:|1788272836\n|switch|p2a: Raging Bolt|Raging Bolt|21/100\n|turn|13\n|\n|t:|1788272843\n|move|p2a: Raging Bolt|Thunderclap|p1a: Moltres\n|-supereffective|p1a: Moltres\n|-damage|p1a: Moltres|1/100\n|move|p1a: Moltres|U-turn|p2a: Raging Bolt\n|-damage|p2a: Raging Bolt|10/100\n|\n|t:|1788272846\n|switch|p1a: Garchomp|Garchomp, M|100/100|[from] U-turn\n|-damage|p1a: Garchomp|94/100|[from] Stealth Rock\n|\n|-heal|p2a: Raging Bolt|16/100|[from] item: Leftovers\n|upkeep\n|turn|14\n|\n|t:|1788272851\n|-end|p2a: Raging Bolt|Protosynthesis|[silent]\n|switch|p2a: Gholdengo|Gholdengo|100/100\n|-item|p2a: Gholdengo|Air Balloon\n|move|p1a: Garchomp|Earthquake|p2a: Gholdengo\n|-immune|p2a: Gholdengo\n|\n|upkeep\n|turn|15\n|\n|t:|1788272855\n|move|p1a: Garchomp|Stealth Rock|p2a: Gholdengo\n|-sidestart|p2: kangarooteam1|move: Stealth Rock\n|move|p2a: Gholdengo|Make It Rain|p1a: Garchomp\n|-damage|p1a: Garchomp|23/100\n|-unboost|p2a: Gholdengo|spa|1\n|\n|upkeep\n|turn|16\n|\n|t:|1788272859\n|switch|p2a: Iron Valiant|Iron Valiant|100/100\n|-damage|p2a: Iron Valiant|94/100|[from] Stealth Rock\n|-enditem|p2a: Iron Valiant|Booster Energy\n|-activate|p2a: Iron Valiant|ability: Quark Drive|[fromitem]\n|-start|p2a: Iron Valiant|quarkdrivespe\n|move|p1a: Garchomp|Flamethrower|p2a: Iron Valiant\n|-damage|p2a: Iron Valiant|46/100\n|-damage|p1a: Garchomp|13/100|[from] item: Life Orb\n|\n|upkeep\n|turn|17\n|\n|t:|1788272862\n|switch|p1a: Moltres|Moltres|1/100\n|-damage|p1a: Moltres|0 fnt|[from] Stealth Rock\n|faint|p1a: Moltres\n|move|p2a: Iron Valiant|Moonblast|p1: Moltres|[notarget]\n|-fail|p2a: Iron Valiant\n|\n|upkeep\n|\n|t:|1788272867\n|switch|p1a: Kingambit|Kingambit, F, shiny|71/100\n|-damage|p1a: Kingambit|65/100|[from] Stealth Rock\n|-activate|p1a: Kingambit|ability: Supreme Overlord\n|-start|p1a: Kingambit|fallen3|[silent]\n|turn|18\n|\n|t:|1788272869\n|move|p1a: Kingambit|Sucker Punch|p2a: Iron Valiant\n|-resisted|p2a: Iron Valiant\n|-damage|p2a: Iron Valiant|29/100\n|move|p2a: Iron Valiant|Close Combat|p1a: Kingambit\n|-supereffective|p1a: Kingambit\n|-damage|p1a: Kingambit|0 fnt\n|-unboost|p2a: Iron Valiant|def|1\n|-unboost|p2a: Iron Valiant|spd|1\n|faint|p1a: Kingambit\n|-end|p1a: Kingambit|fallen3|[silent]\n|\n|upkeep\n|\n|t:|1788272872\n|switch|p1a: Iron Valiant|Iron Valiant|100/100\n|-damage|p1a: Iron Valiant|94/100|[from] Stealth Rock\n|-enditem|p1a: Iron Valiant|Booster Energy\n|-activate|p1a: Iron Valiant|ability: Quark Drive|[fromitem]\n|-start|p1a: Iron Valiant|quarkdrivespe\n|turn|19\n|\n|t:|1788272876\n|move|p2a: Iron Valiant|Moonblast|p1a: Iron Valiant\n|-supereffective|p1a: Iron Valiant\n|-damage|p1a: Iron Valiant|0 fnt\n|faint|p1a: Iron Valiant\n|-end|p1a: Iron Valiant|Quark Drive|[silent]\n|\n|upkeep\n|-message|suhayb1910 forfeited.\n|\n|win|kangarooteam1\n|raw|suhayb1910's rating: 1614 &rarr; <strong>1598</strong><br />(-16 for losing)\n|raw|kangarooteam1's rating: 1685 &rarr; <strong>1701</strong><br />(+16 for winning)\n|l|\u2606kangarooteam1\n|player|p2|\n|l|\u2606suhayb1910\n|player|p1|\n", "uploadtime": 1788272880, "views": "1", "formatid": "gen9ou", "rating": 1598, "private": 0, "password": null}