{"id": "gen9ou-2673976763", "format": "[Gen 9] OU", "players": ["wattinculo", "Khinelalala"], "log": "|j|\u2606wattinculo\n|j|\u2606Khinelalala\n|t:|1788283966\n|gametype|singles\n|player|p1|wattinculo|102|1493\n|player|p2|Khinelalala|102|1493\n|gen|9\n|tier|[Gen 9] OU\n|rated|\n|rule|HP Percentage Mod: HP is shown in percentages\n|rule|Endless Battle Clause: Forcing endless battles is banned\n|rule|Species Clause: Limit one of each Pok\u00e9mon\n|rule|OHKO Clause: OHKO moves are banned\n|rule|Evasion Items Clause: Evasion items are banned\n|rule|Evasion Moves Clause: Evasion moves are banned\n|rule|Evasion Abilities Clause: Evasion abilities are banned\n|rule|Sleep Moves Clause: Sleep-inducing moves are banned\n|clearpoke\n|poke|p1|Ogerpon-Wellspring, F|\n|poke|p1|Gholdengo|\n|poke|p1|Moltres|\n|poke|p1|Ting-Lu|\n|poke|p1|Iron Valiant|\n|poke|p1|Great Tusk|\n|poke|p2|Torkoal, M|\n|poke|p2|Walking Wake|\n|poke|p2|Venusaur, F|\n|poke|p2|Slither Wing|\n|poke|p2|Great Tusk|\n|poke|p2|Hatterene, F|\n|teampreview\n|inactive|Battle timer is ON: inactive players will automatically lose when time's up. (requested by wattinculo)\n|\n|t:|1788283984\n|teamsize|p1|6\n|teamsize|p2|6\n|start\n|switch|p1a: Gholdengo|Gholdengo|100/100\n|switch|p2a: Torkoal|Torkoal, M|100/100\n|-weather|SunnyDay|[from] ability: Drought|[of] p2a: Torkoal\n|turn|1\n|\n|t:|1788284000\n|switch|p2a: Walking Wake|Walking Wake|100/100\n|-activate|p2a: Walking Wake|ability: Protosynthesis\n|-start|p2a: Walking Wake|protosynthesisspa\n|move|p1a: Gholdengo|Trick|p2a: Walking Wake\n|-activate|p1a: Gholdengo|move: Trick|[of] p2a: Walking Wake\n|-item|p2a: Walking Wake|Choice Scarf|[from] move: Trick\n|-item|p1a: Gholdengo|Choice Specs|[from] move: Trick\n|\n|-weather|SunnyDay|[upkeep]\n|upkeep\n|turn|2\n|\n|t:|1788284012\n|move|p2a: Walking Wake|Weather Ball|p1a: Gholdengo\n|-supereffective|p1a: Gholdengo\n|-damage|p1a: Gholdengo|0 fnt\n|faint|p1a: Gholdengo\n|\n|-weather|SunnyDay|[upkeep]\n|upkeep\n|\n|t:|1788284017\n|switch|p1a: Ting-Lu|Ting-Lu|100/100\n|-ability|p1a: Ting-Lu|Vessel of Ruin\n|turn|3\n|\n|t:|1788284043\n|-end|p2a: Walking Wake|Protosynthesis|[silent]\n|switch|p2a: Slither Wing|Slither Wing|100/100\n|-activate|p2a: Slither Wing|ability: Protosynthesis\n|-start|p2a: Slither Wing|protosynthesisatk\n|move|p1a: Ting-Lu|Earthquake|p2a: Slither Wing\n|-resisted|p2a: Slither Wing\n|-damage|p2a: Slither Wing|75/100\n|\n|-weather|SunnyDay|[upkeep]\n|upkeep\n|turn|4\n|\n|t:|1788284051\n|-end|p2a: Slither Wing|Protosynthesis|[silent]\n|switch|p2a: Walking Wake|Walking Wake|100/100\n|-activate|p2a: Walking Wake|ability: Protosynthesis\n|-start|p2a: Walking Wake|protosynthesisspa\n|-terastallize|p1a: Ting-Lu|Water\n|move|p1a: Ting-Lu|Stealth Rock|p2a: Walking Wake\n|-sidestart|p2: Khinelalala|move: Stealth Rock\n|\n|-weather|SunnyDay|[upkeep]\n|upkeep\n|turn|5\n|\n|t:|1788284057\n|-end|p2a: Walking Wake|Protosynthesis|[silent]\n|switch|p2a: Great Tusk|Great Tusk|100/100\n|-damage|p2a: Great Tusk|97/100|[from] Stealth Rock\n|-activate|p2a: Great Tusk|ability: Protosynthesis\n|-start|p2a: Great Tusk|protosynthesisdef\n|move|p1a: Ting-Lu|Earthquake|p2a: Great Tusk\n|-damage|p2a: Great Tusk|82/100\n|\n|-weather|SunnyDay|[upkeep]\n|upkeep\n|turn|6\n|\n|t:|1788284062\n|move|p2a: Great Tusk|Rapid Spin|p1a: Ting-Lu\n|-damage|p1a: Ting-Lu|92/100\n|-boost|p2a: Great Tusk|spe|1\n|-sideend|p2: Khinelalala|Stealth Rock|[from] move: Rapid Spin|[of] p2a: Great Tusk\n|move|p1a: Ting-Lu|Whirlwind|p2a: Great Tusk\n|-end|p2a: Great Tusk|Protosynthesis|[silent]\n|drag|p2a: Venusaur|Venusaur, F|100/100\n|\n|-weather|SunnyDay|[upkeep]\n|-heal|p1a: Ting-Lu|98/100|[from] item: Leftovers\n|upkeep\n|turn|7\n|\n|t:|1788284070\n|move|p2a: Venusaur|Giga Drain|p1a: Ting-Lu\n|-supereffective|p1a: Ting-Lu\n|-damage|p1a: Ting-Lu|64/100\n|-damage|p2a: Venusaur|91/100|[from] item: Life Orb\n|move|p1a: Ting-Lu|Whirlwind|p2a: Venusaur\n|drag|p2a: Slither Wing|Slither Wing|75/100\n|-activate|p2a: Slither Wing|ability: Protosynthesis\n|-start|p2a: Slither Wing|protosynthesisatk\n|\n|-weather|SunnyDay|[upkeep]\n|-heal|p1a: Ting-Lu|71/100|[from] item: Leftovers\n|upkeep\n|turn|8\n|\n|t:|1788284089\n|-end|p2a: Slither Wing|Protosynthesis|[silent]\n|switch|p2a: Walking Wake|Walking Wake|100/100\n|-activate|p2a: Walking Wake|ability: Protosynthesis\n|-start|p2a: Walking Wake|protosynthesisspa\n|switch|p1a: Moltres|Moltres|100/100\n|\n|-weather|none\n|-end|p2a: Walking Wake|Protosynthesis\n|upkeep\n|turn|9\n|\n|t:|1788284098\n|move|p2a: Walking Wake|Draco Meteor|p1a: Moltres\n|-damage|p1a: Moltres|27/100\n|-unboost|p2a: Walking Wake|spa|2\n|move|p1a: Moltres|Roost|p1a: Moltres\n|-heal|p1a: Moltres|78/100\n|-singleturn|p1a: Moltres|move: Roost\n|\n|upkeep\n|turn|10\n|\n|t:|1788284108\n|-end|p2a: Walking Wake|Protosynthesis|[silent]\n|switch|p2a: Torkoal|Torkoal, M|100/100\n|-weather|SunnyDay|[from] ability: Drought|[of] p2a: Torkoal\n|move|p1a: Moltres|Flamethrower|p2a: Torkoal\n|-resisted|p2a: Torkoal\n|-damage|p2a: Torkoal|64/100\n|\n|-weather|SunnyDay|[upkeep]\n|upkeep\n|turn|11\n|\n|t:|1788284110\n|switch|p2a: Walking Wake|Walking Wake|100/100\n|-activate|p2a: Walking Wake|ability: Protosynthesis\n|-start|p2a: Walking Wake|protosynthesisspa\n|move|p1a: Moltres|Flamethrower|p2a: Walking Wake\n|-resisted|p2a: Walking Wake\n|-damage|p2a: Walking Wake|85/100\n|\n|-weather|SunnyDay|[upkeep]\n|upkeep\n|turn|12\n|\n|t:|1788284114\n|switch|p1a: Ogerpon|Ogerpon-Wellspring, F|100/100\n|move|p2a: Walking Wake|Draco Meteor|p1a: Ogerpon\n|-damage|p1a: Ogerpon|0 fnt\n|-unboost|p2a: Walking Wake|spa|2\n|faint|p1a: Ogerpon\n|\n|-weather|SunnyDay|[upkeep]\n|upkeep\n|\n|t:|1788284128\n|switch|p1a: Iron Valiant|Iron Valiant|100/100\n|-enditem|p1a: Iron Valiant|Booster Energy\n|-activate|p1a: Iron Valiant|ability: Quark Drive|[fromitem]\n|-start|p1a: Iron Valiant|quarkdrivespe\n|turn|13\n|\n|t:|1788284144\n|-end|p2a: Walking Wake|Protosynthesis|[silent]\n|switch|p2a: Hatterene|Hatterene, F|100/100\n|move|p1a: Iron Valiant|Shadow Ball|p2a: Hatterene\n|-supereffective|p2a: Hatterene\n|-damage|p2a: Hatterene|60/100\n|-enditem|p2a: Hatterene|Eject Button\n|\n|t:|1788284148\n|switch|p2a: Venusaur|Venusaur, F|91/100\n|\n|-weather|SunnyDay|[upkeep]\n|upkeep\n|turn|14\n|\n|t:|1788284157\n|move|p2a: Venusaur|Giga Drain|p1a: Iron Valiant\n|-damage|p1a: Iron Valiant|21/100\n|-heal|p2a: Venusaur|100/100|[from] drain|[of] p1a: Iron Valiant\n|-damage|p2a: Venusaur|91/100|[from] item: Life Orb\n|move|p1a: Iron Valiant|Shadow Ball|p2a: Venusaur\n|-damage|p2a: Venusaur|63/100\n|\n|-weather|SunnyDay|[upkeep]\n|upkeep\n|turn|15\n|\n|t:|1788284162\n|-end|p1a: Iron Valiant|Quark Drive|[silent]\n|switch|p1a: Moltres|Moltres|78/100\n|move|p2a: Venusaur|Giga Drain|p1a: Moltres\n|-resisted|p1a: Moltres\n|-damage|p1a: Moltres|66/100\n|-heal|p2a: Venusaur|70/100|[from] drain|[of] p1a: Moltres\n|-damage|p2a: Venusaur|60/100|[from] item: Life Orb\n|\n|-weather|SunnyDay|[upkeep]\n|upkeep\n|turn|16\n|\n|t:|1788284168\n|switch|p2a: Walking Wake|Walking Wake|85/100\n|-activate|p2a: Walking Wake|ability: Protosynthesis\n|-start|p2a: Walking Wake|protosynthesisspa\n|move|p1a: Moltres|Flamethrower|p2a: Walking Wake\n|-resisted|p2a: Walking Wake\n|-damage|p2a: Walking Wake|70/100\n|\n|-weather|SunnyDay|[upkeep]\n|upkeep\n|turn|17\n|\n|t:|1788284173\n|switch|p1a: Iron Valiant|Iron Valiant|21/100\n|move|p2a: Walking Wake|Hydro Steam|p1a: Iron Valiant\n|-damage|p1a: Iron Valiant|0 fnt\n|faint|p1a: Iron Valiant\n|-end|p1a: Iron Valiant|Quark Drive|[silent]\n|\n|-weather|none\n|-end|p2a: Walking Wake|Protosynthesis\n|upkeep\n|\n|t:|1788284176\n|switch|p1a: Ting-Lu|Ting-Lu, tera:Water|71/100\n|-ability|p1a: Ting-Lu|Vessel of Ruin\n|turn|18\n|\n|t:|1788284183\n|-end|p2a: Walking Wake|Protosynthesis|[silent]\n|switch|p2a: Slither Wing|Slither Wing|75/100\n|move|p1a: Ting-Lu|Earthquake|p2a: Slither Wing\n|-resisted|p2a: Slither Wing\n|-damage|p2a: Slither Wing|52/100\n|\n|-heal|p1a: Ting-Lu|77/100|[from] item: Leftovers\n|upkeep\n|turn|19\n|\n|t:|1788284191\n|move|p2a: Slither Wing|Close Combat|p1a: Ting-Lu\n|-damage|p1a: Ting-Lu|26/100\n|-unboost|p2a: Slither Wing|def|1\n|-unboost|p2a: Slither Wing|spd|1\n|move|p1a: Ting-Lu|Stealth Rock|p2a: Slither Wing\n|-sidestart|p2: Khinelalala|move: Stealth Rock\n|\n|-heal|p1a: Ting-Lu|32/100|[from] item: Leftovers\n|upkeep\n|turn|20\n|\n|t:|1788284198\n|-end|p2a: Slither Wing|Protosynthesis|[silent]\n|switch|p2a: Walking Wake|Walking Wake|70/100\n|-damage|p2a: Walking Wake|57/100|[from] Stealth Rock\n|switch|p1a: Moltres|Moltres|66/100\n|\n|upkeep\n|turn|21\n|-message|wattinculo forfeited.\n|\n|win|Khinelalala\n|raw|wattinculo's rating: 1493 &rarr; <strong>1473</strong><br />(-20 for losing)\n|raw|Khinelalala's rating: 1493 &rarr; <strong>1513</strong><br />(+20 for winning)\n|l|\u2606wattinculo\n|player|p1|\n|l|\u2606Khinelalala\n|player|p2|\n", "uploadtime": 1788284210, "views": "11", "formatid": "gen9ou", "rating": 1473, "private": 0, "password": null}