{"id": "gen9ou-2673907318", "format": "[Gen 9] OU", "players": ["fulkttd", "IFreakingluvStall"], "log": "|j|\u2606fulkttd\n|j|\u2606IFreakingluvStall\n|t:|1788275689\n|gametype|singles\n|player|p1|fulkttd|morty|1411\n|player|p2|IFreakingluvStall|wattson|1417\n|gen|9\n|tier|[Gen 9] OU\n|rated|\n|rule|HP Percentage Mod: HP is shown in percentages\n|rule|Endless Battle Clause: Forcing endless battles is banned\n|rule|Species Clause: Limit one of each Pok\u00e9mon\n|rule|OHKO Clause: OHKO moves are banned\n|rule|Evasion Items Clause: Evasion items are banned\n|rule|Evasion Moves Clause: Evasion moves are banned\n|rule|Evasion Abilities Clause: Evasion abilities are banned\n|rule|Sleep Moves Clause: Sleep-inducing moves are banned\n|clearpoke\n|poke|p1|Raging Bolt|\n|poke|p1|Walking Wake|\n|poke|p1|Hatterene, F|\n|poke|p1|Meowscarada, M|\n|poke|p1|Corviknight, M|\n|poke|p1|Okidogi, M|\n|poke|p2|Blissey, F|\n|poke|p2|Dondozo, F|\n|poke|p2|Gliscor, M|\n|poke|p2|Toxapex, M|\n|poke|p2|Corviknight, F|\n|poke|p2|Ting-Lu|\n|teampreview\n|inactive|Battle timer is ON: inactive players will automatically lose when time's up. (requested by IFreakingluvStall)\n|inactive|fulkttd also wants the timer to be on.\n|\n|t:|1788275699\n|teamsize|p1|6\n|teamsize|p2|6\n|start\n|switch|p1a: Meowscarada|Meowscarada, M|100/100\n|switch|p2a: Gliscor|Gliscor, M|100/100\n|turn|1\n|\n|t:|1788275704\n|move|p2a: Gliscor|Protect|p2a: Gliscor\n|-singleturn|p2a: Gliscor|Protect\n|move|p1a: Meowscarada|Trick|p2a: Gliscor\n|-start|p1a: Meowscarada|typechange|Psychic|[from] ability: Protean\n|-activate|p2a: Gliscor|move: Protect\n|\n|-status|p2a: Gliscor|tox|[from] item: Toxic Orb\n|upkeep\n|turn|2\n|\n|t:|1788275720\n|move|p1a: Meowscarada|Trick|p2a: Gliscor\n|-activate|p1a: Meowscarada|move: Trick|[of] p2a: Gliscor\n|-item|p2a: Gliscor|Choice Scarf|[from] move: Trick\n|-item|p1a: Meowscarada|Toxic Orb|[from] move: Trick\n|move|p2a: Gliscor|Toxic|p1a: Meowscarada\n|-status|p1a: Meowscarada|tox\n|\n|-damage|p1a: Meowscarada|94/100 tox|[from] psn\n|upkeep\n|turn|3\n|\n|t:|1788275729\n|switch|p2a: Toxapex|Toxapex, M|100/100\n|move|p1a: Meowscarada|U-turn|p2a: Toxapex\n|-resisted|p2a: Toxapex\n|-damage|p2a: Toxapex|93/100\n|\n|t:|1788275734\n|switch|p1a: Raging Bolt|Raging Bolt|100/100|[from] U-turn\n|\n|upkeep\n|turn|4\n|\n|t:|1788275739\n|move|p2a: Toxapex|Baneful Bunker|p2a: Toxapex\n|-singleturn|p2a: Toxapex|move: Protect\n|move|p1a: Raging Bolt|Draco Meteor|p2a: Toxapex\n|-activate|p2a: Toxapex|move: Protect\n|\n|upkeep\n|turn|5\n|\n|t:|1788275744\n|switch|p2a: Blissey|Blissey, F|100/100\n|move|p1a: Raging Bolt|Volt Switch|p2a: Blissey\n|-damage|p2a: Blissey|88/100\n|\n|t:|1788275750\n|-end|p1a: Raging Bolt|Protosynthesis|[silent]\n|switch|p1a: Okidogi|Okidogi, M|100/100|[from] Volt Switch\n|\n|upkeep\n|turn|6\n|\n|t:|1788275760\n|switch|p1a: Hatterene|Hatterene, F|100/100\n|switch|p2a: Toxapex|Toxapex, M|100/100\n|\n|upkeep\n|turn|7\n|\n|t:|1788275771\n|switch|p2a: Gliscor|Gliscor, M|100/100 tox\n|move|p1a: Hatterene|Calm Mind|p1a: Hatterene\n|-boost|p1a: Hatterene|spa|1\n|-boost|p1a: Hatterene|spd|1\n|\n|upkeep\n|turn|8\n|\n|t:|1788275776\n|move|p2a: Gliscor|Knock Off|p1a: Hatterene\n|-damage|p1a: Hatterene|82/100\n|-enditem|p1a: Hatterene|Leftovers|[from] move: Knock Off|[of] p2a: Gliscor\n|move|p1a: Hatterene|Calm Mind|p1a: Hatterene\n|-boost|p1a: Hatterene|spa|1\n|-boost|p1a: Hatterene|spd|1\n|\n|upkeep\n|turn|9\n|\n|t:|1788275781\n|switch|p2a: Blissey|Blissey, F|88/100\n|move|p1a: Hatterene|Draining Kiss|p2a: Blissey\n|-damage|p2a: Blissey|75/100\n|-heal|p1a: Hatterene|100/100|[from] drain|[of] p2a: Blissey\n|\n|upkeep\n|turn|10\n|\n|t:|1788275787\n|-terastallize|p2a: Blissey|Dark\n|move|p2a: Blissey|Calm Mind|p2a: Blissey\n|-boost|p2a: Blissey|spa|1\n|-boost|p2a: Blissey|spd|1\n|move|p1a: Hatterene|Calm Mind|p1a: Hatterene\n|-boost|p1a: Hatterene|spa|1\n|-boost|p1a: Hatterene|spd|1\n|\n|upkeep\n|turn|11\n|\n|t:|1788275793\n|switch|p1a: Meowscarada|Meowscarada, M|94/100 tox\n|move|p2a: Blissey|Calm Mind|p2a: Blissey\n|-boost|p2a: Blissey|spa|1\n|-boost|p2a: Blissey|spd|1\n|\n|-damage|p1a: Meowscarada|88/100 tox|[from] psn\n|upkeep\n|turn|12\n|\n|t:|1788275800\n|switch|p2a: Toxapex|Toxapex, M|100/100\n|move|p1a: Meowscarada|U-turn|p2a: Toxapex\n|-start|p1a: Meowscarada|typechange|Bug|[from] ability: Protean\n|-resisted|p2a: Toxapex\n|-damage|p2a: Toxapex|90/100\n|\n|t:|1788275820\n|switch|p1a: Corviknight|Corviknight, M|100/100|[from] U-turn\n|-ability|p1a: Corviknight|Pressure\n|\n|upkeep\n|turn|13\n|\n|t:|1788275826\n|move|p1a: Corviknight|U-turn|p2a: Toxapex\n|-resisted|p2a: Toxapex\n|-damage|p2a: Toxapex|86/100\n|\n|t:|1788275834\n|switch|p1a: Okidogi|Okidogi, M|100/100|[from] U-turn\n|move|p2a: Toxapex|Infestation|p1a: Okidogi\n|-resisted|p1a: Okidogi\n|-damage|p1a: Okidogi|99/100\n|-activate|p1a: Okidogi|move: Infestation|[of] p2a: Toxapex\n|\n|-heal|p1a: Okidogi|100/100|[from] item: Leftovers\n|-damage|p1a: Okidogi|88/100|[from] move: Infestation|[partiallytrapped]\n|upkeep\n|turn|14\n|\n|t:|1788275843\n|move|p2a: Toxapex|Baneful Bunker|p2a: Toxapex\n|-singleturn|p2a: Toxapex|move: Protect\n|move|p1a: Okidogi|Bulk Up|p1a: Okidogi\n|-boost|p1a: Okidogi|atk|1\n|-boost|p1a: Okidogi|def|1\n|\n|-heal|p1a: Okidogi|94/100|[from] item: Leftovers\n|-damage|p1a: Okidogi|82/100|[from] move: Infestation|[partiallytrapped]\n|upkeep\n|turn|15\n|\n|t:|1788275850\n|switch|p2a: Ting-Lu|Ting-Lu|100/100\n|-ability|p2a: Ting-Lu|Vessel of Ruin\n|move|p1a: Okidogi|Knock Off|p2a: Ting-Lu\n|-resisted|p2a: Ting-Lu\n|-damage|p2a: Ting-Lu|86/100\n|-status|p2a: Ting-Lu|tox|[from] ability: Toxic Chain|[of] p1a: Okidogi\n|-enditem|p2a: Ting-Lu|Heavy-Duty Boots|[from] move: Knock Off|[of] p1a: Okidogi\n|\n|-heal|p1a: Okidogi|88/100|[from] item: Leftovers\n|-damage|p2a: Ting-Lu|79/100 tox|[from] psn\n|-end|p1a: Okidogi|Infestation|[partiallytrapped]|[silent]\n|upkeep\n|turn|16\n|\n|t:|1788275861\n|move|p1a: Okidogi|Drain Punch|p2a: Ting-Lu\n|-supereffective|p2a: Ting-Lu\n|-damage|p2a: Ting-Lu|5/100 tox\n|-heal|p1a: Okidogi|100/100|[from] drain|[of] p2a: Ting-Lu\n|move|p2a: Ting-Lu|Whirlwind|p1a: Okidogi\n|drag|p1a: Meowscarada|Meowscarada, M|88/100 tox\n|\n|-damage|p1a: Meowscarada|82/100 tox|[from] psn\n|-damage|p2a: Ting-Lu|0 fnt|[from] psn\n|faint|p2a: Ting-Lu\n|upkeep\n|\n|t:|1788275870\n|switch|p2a: Corviknight|Corviknight, F|100/100\n|-ability|p2a: Corviknight|Pressure\n|turn|17\n|\n|t:|1788275876\n|move|p1a: Meowscarada|U-turn|p2a: Corviknight\n|-start|p1a: Meowscarada|typechange|Bug|[from] ability: Protean\n|-resisted|p2a: Corviknight\n|-damage|p2a: Corviknight|95/100\n|-damage|p1a: Meowscarada|66/100 tox|[from] item: Rocky Helmet|[of] p2a: Corviknight\n|\n|t:|1788275880\n|switch|p1a: Corviknight|Corviknight, M|100/100|[from] U-turn\n|-ability|p1a: Corviknight|Pressure\n|move|p2a: Corviknight|Body Press|p1a: Corviknight\n|-damage|p1a: Corviknight|79/100\n|-damage|p2a: Corviknight|79/100|[from] item: Rocky Helmet|[of] p1a: Corviknight\n|\n|upkeep\n|turn|18\n|\n|t:|1788275889\n|switch|p2a: Gliscor|Gliscor, M|100/100 tox\n|move|p1a: Corviknight|U-turn|p2a: Gliscor\n|-resisted|p2a: Gliscor\n|-damage|p2a: Gliscor|95/100 tox\n|\n|t:|1788275892\n|switch|p1a: Walking Wake|Walking Wake|100/100|[from] U-turn\n|\n|-heal|p2a: Gliscor|100/100 tox|[from] ability: Poison Heal\n|upkeep\n|turn|19\n|\n|t:|1788275900\n|move|p2a: Gliscor|Protect|p2a: Gliscor\n|-singleturn|p2a: Gliscor|Protect\n|move|p1a: Walking Wake|Flip Turn|p2a: Gliscor\n|-activate|p2a: Gliscor|move: Protect\n|\n|upkeep\n|turn|20\n|\n|t:|1788275905\n|switch|p2a: Toxapex|Toxapex, M|100/100\n|move|p1a: Walking Wake|Flip Turn|p2a: Toxapex\n|-resisted|p2a: Toxapex\n|-damage|p2a: Toxapex|95/100\n|\n|t:|1788275922\n|-end|p1a: Walking Wake|Protosynthesis|[silent]\n|switch|p1a: Okidogi|Okidogi, M|100/100|[from] Flip Turn\n|\n|upkeep\n|turn|21\n|\n|t:|1788275933\n|switch|p2a: Gliscor|Gliscor, M|100/100 tox\n|move|p1a: Okidogi|Bulk Up|p1a: Okidogi\n|-boost|p1a: Okidogi|atk|1\n|-boost|p1a: Okidogi|def|1\n|\n|upkeep\n|turn|22\n|\n|t:|1788275939\n|move|p2a: Gliscor|Protect|p2a: Gliscor\n|-singleturn|p2a: Gliscor|Protect\n|move|p1a: Okidogi|Bulk Up|p1a: Okidogi\n|-boost|p1a: Okidogi|atk|1\n|-boost|p1a: Okidogi|def|1\n|\n|upkeep\n|turn|23\n|\n|t:|1788275943\n|switch|p2a: Dondozo|Dondozo, F|100/100\n|move|p1a: Okidogi|Drain Punch|p2a: Dondozo\n|-damage|p2a: Dondozo|82/100\n|\n|upkeep\n|turn|24\n|\n|t:|1788275951\n|switch|p2a: Gliscor|Gliscor, M|100/100 tox\n|move|p1a: Okidogi|Knock Off|p2a: Gliscor\n|-damage|p2a: Gliscor|42/100 tox\n|-enditem|p2a: Gliscor|Choice Scarf|[from] move: Knock Off|[of] p1a: Okidogi\n|\n|-heal|p2a: Gliscor|55/100 tox|[from] ability: Poison Heal\n|upkeep\n|turn|25\n|\n|t:|1788275960\n|move|p2a: Gliscor|Protect|p2a: Gliscor\n|-singleturn|p2a: Gliscor|Protect\n|move|p1a: Okidogi|Bulk Up|p1a: Okidogi\n|-boost|p1a: Okidogi|atk|1\n|-boost|p1a: Okidogi|def|1\n|\n|-heal|p2a: Gliscor|67/100 tox|[from] ability: Poison Heal\n|upkeep\n|turn|26\n|\n|t:|1788275976\n|switch|p2a: Dondozo|Dondozo, F|82/100\n|move|p1a: Okidogi|Knock Off|p2a: Dondozo\n|-damage|p2a: Dondozo|65/100\n|-enditem|p2a: Dondozo|Heavy-Duty Boots|[from] move: Knock Off|[of] p1a: Okidogi\n|\n|upkeep\n|turn|27\n|\n|t:|1788275983\n|move|p1a: Okidogi|Gunk Shot|p2a: Dondozo\n|-damage|p2a: Dondozo|35/100\n|move|p2a: Dondozo|Body Press|p1a: Okidogi\n|-resisted|p1a: Okidogi\n|-damage|p1a: Okidogi|90/100\n|\n|-heal|p1a: Okidogi|96/100|[from] item: Leftovers\n|upkeep\n|turn|28\n|\n|t:|1788275989\n|move|p1a: Okidogi|Gunk Shot|p2a: Dondozo|[miss]\n|-miss|p1a: Okidogi|p2a: Dondozo\n|move|p2a: Dondozo|Rest|p2a: Dondozo\n|-status|p2a: Dondozo|slp|[from] move: Rest\n|-heal|p2a: Dondozo|100/100 slp|[silent]\n|\n|-heal|p1a: Okidogi|100/100|[from] item: Leftovers\n|upkeep\n|turn|29\n|\n|t:|1788275991\n|switch|p1a: Raging Bolt|Raging Bolt|100/100\n|cant|p2a: Dondozo|slp\n|move|p2a: Dondozo|Sleep Talk|p2a: Dondozo\n|move|p2a: Dondozo|Body Press|p1a: Raging Bolt|[from] move: Sleep Talk\n|-damage|p1a: Raging Bolt|75/100\n|\n|upkeep\n|turn|30\n|\n|t:|1788275999\n|switch|p2a: Blissey|Blissey, F, tera:Dark|75/100\n|move|p1a: Raging Bolt|Draco Meteor|p2a: Blissey\n|-damage|p2a: Blissey|53/100\n|-unboost|p1a: Raging Bolt|spa|2\n|-enditem|p1a: Raging Bolt|Eject Pack\n|\n|t:|1788276005\n|-end|p1a: Raging Bolt|Protosynthesis|[silent]\n|switch|p1a: Meowscarada|Meowscarada, M|66/100 tox\n|\n|-damage|p1a: Meowscarada|60/100 tox|[from] psn\n|upkeep\n|turn|31\n|\n|t:|1788276009\n|switch|p2a: Corviknight|Corviknight, F|79/100\n|-ability|p2a: Corviknight|Pressure\n|move|p1a: Meowscarada|U-turn|p2a: Corviknight\n|-start|p1a: Meowscarada|typechange|Bug|[from] ability: Protean\n|-resisted|p2a: Corviknight\n|-damage|p2a: Corviknight|73/100\n|-damage|p1a: Meowscarada|43/100 tox|[from] item: Rocky Helmet|[of] p2a: Corviknight\n|\n|t:|1788276012\n|switch|p1a: Raging Bolt|Raging Bolt|75/100|[from] U-turn\n|\n|upkeep\n|turn|32\n|\n|t:|1788276017\n|switch|p2a: Blissey|Blissey, F, tera:Dark|53/100\n|move|p1a: Raging Bolt|Volt Switch|p2a: Blissey\n|-damage|p2a: Blissey|40/100\n|\n|t:|1788276022\n|-end|p1a: Raging Bolt|Protosynthesis|[silent]\n|switch|p1a: Walking Wake|Walking Wake|100/100|[from] Volt Switch\n|\n|upkeep\n|turn|33\n|\n|t:|1788276025\n|move|p1a: Walking Wake|Flip Turn|p2a: Blissey\n|-damage|p2a: Blissey|17/100\n|\n|t:|1788276033\n|-end|p1a: Walking Wake|Protosynthesis|[silent]\n|switch|p1a: Okidogi|Okidogi, M|100/100|[from] Flip Turn\n|move|p2a: Blissey|Soft-Boiled|p2a: Blissey\n|-heal|p2a: Blissey|68/100\n|\n|upkeep\n|turn|34\n|\n|t:|1788276039\n|switch|p2a: Corviknight|Corviknight, F|73/100\n|-ability|p2a: Corviknight|Pressure\n|move|p1a: Okidogi|Bulk Up|p1a: Okidogi\n|-boost|p1a: Okidogi|atk|1\n|-boost|p1a: Okidogi|def|1\n|\n|upkeep\n|turn|35\n|\n|t:|1788276046\n|switch|p2a: Dondozo|Dondozo, F|100/100 slp\n|move|p1a: Okidogi|Knock Off|p2a: Dondozo\n|-damage|p2a: Dondozo|90/100 slp\n|\n|upkeep\n|turn|36\n|\n|t:|1788276050\n|switch|p1a: Raging Bolt|Raging Bolt|75/100\n|cant|p2a: Dondozo|slp\n|move|p2a: Dondozo|Sleep Talk|p2a: Dondozo\n|move|p2a: Dondozo|Body Press|p1a: Raging Bolt|[from] move: Sleep Talk\n|-damage|p1a: Raging Bolt|46/100\n|\n|upkeep\n|turn|37\n|\n|t:|1788276059\n|switch|p2a: Blissey|Blissey, F, tera:Dark|68/100\n|move|p1a: Raging Bolt|Volt Switch|p2a: Blissey\n|-damage|p2a: Blissey|56/100\n|\n|t:|1788276063\n|-end|p1a: Raging Bolt|Protosynthesis|[silent]\n|switch|p1a: Corviknight|Corviknight, M|79/100|[from] Volt Switch\n|-ability|p1a: Corviknight|Pressure\n|\n|upkeep\n|turn|38\n|\n|t:|1788276067\n|switch|p2a: Toxapex|Toxapex, M|100/100\n|move|p1a: Corviknight|U-turn|p2a: Toxapex\n|-resisted|p2a: Toxapex\n|-damage|p2a: Toxapex|96/100\n|\n|t:|1788276070\n|switch|p1a: Raging Bolt|Raging Bolt|46/100|[from] U-turn\n|\n|upkeep\n|turn|39\n|\n|t:|1788276079\n|move|p1a: Raging Bolt|Volt Switch|p2a: Toxapex\n|-supereffective|p2a: Toxapex\n|-damage|p2a: Toxapex|33/100\n|\n|t:|1788276086\n|-end|p1a: Raging Bolt|Protosynthesis|[silent]\n|switch|p1a: Corviknight|Corviknight, M|79/100|[from] Volt Switch\n|-ability|p1a: Corviknight|Pressure\n|move|p2a: Toxapex|Toxic|p1a: Corviknight\n|-immune|p1a: Corviknight\n|\n|upkeep\n|turn|40\n|\n|t:|1788276091\n|switch|p2a: Gliscor|Gliscor, M|67/100 tox\n|move|p1a: Corviknight|Brave Bird|p2a: Gliscor\n|-damage|p2a: Gliscor|40/100 tox\n|-damage|p1a: Corviknight|71/100|[from] Recoil\n|\n|-heal|p2a: Gliscor|52/100 tox|[from] ability: Poison Heal\n|upkeep\n|turn|41\n|\n|t:|1788276101\n|move|p2a: Gliscor|Protect|p2a: Gliscor\n|-singleturn|p2a: Gliscor|Protect\n|move|p1a: Corviknight|U-turn|p2a: Gliscor\n|-activate|p2a: Gliscor|move: Protect\n|\n|-heal|p2a: Gliscor|65/100 tox|[from] ability: Poison Heal\n|upkeep\n|turn|42\n|\n|t:|1788276105\n|move|p2a: Gliscor|Knock Off|p1a: Corviknight\n|-damage|p1a: Corviknight|52/100\n|-damage|p2a: Gliscor|48/100 tox|[from] item: Rocky Helmet|[of] p1a: Corviknight\n|-enditem|p1a: Corviknight|Rocky Helmet|[from] move: Knock Off|[of] p2a: Gliscor\n|move|p1a: Corviknight|U-turn|p2a: Gliscor\n|-resisted|p2a: Gliscor\n|-damage|p2a: Gliscor|43/100 tox\n|\n|t:|1788276112\n|switch|p1a: Walking Wake|Walking Wake|100/100|[from] U-turn\n|\n|-heal|p2a: Gliscor|55/100 tox|[from] ability: Poison Heal\n|upkeep\n|turn|43\n|\n|t:|1788276119\n|move|p2a: Gliscor|Protect|p2a: Gliscor\n|-singleturn|p2a: Gliscor|Protect\n|move|p1a: Walking Wake|Flip Turn|p2a: Gliscor\n|-activate|p2a: Gliscor|move: Protect\n|\n|-heal|p2a: Gliscor|68/100 tox|[from] ability: Poison Heal\n|upkeep\n|turn|44\n|\n|t:|1788276123\n|switch|p2a: Toxapex|Toxapex, M|66/100\n|move|p1a: Walking Wake|Flip Turn|p2a: Toxapex\n|-resisted|p2a: Toxapex\n|-damage|p2a: Toxapex|60/100\n|\n|t:|1788276125\n|-end|p1a: Walking Wake|Protosynthesis|[silent]\n|switch|p1a: Raging Bolt|Raging Bolt|46/100|[from] Flip Turn\n|\n|upkeep\n|turn|45\n|\n|t:|1788276133\n|switch|p2a: Blissey|Blissey, F, tera:Dark|56/100\n|move|p1a: Raging Bolt|Volt Switch|p2a: Blissey\n|-damage|p2a: Blissey|43/100\n|\n|t:|1788276142\n|-end|p1a: Raging Bolt|Protosynthesis|[silent]\n|switch|p1a: Walking Wake|Walking Wake|100/100|[from] Volt Switch\n|\n|upkeep\n|turn|46\n|\n|t:|1788276146\n|move|p1a: Walking Wake|Flip Turn|p2a: Blissey\n|-damage|p2a: Blissey|19/100\n|\n|t:|1788276152\n|-end|p1a: Walking Wake|Protosynthesis|[silent]\n|switch|p1a: Okidogi|Okidogi, M|100/100|[from] Flip Turn\n|move|p2a: Blissey|Soft-Boiled|p2a: Blissey\n|-heal|p2a: Blissey|69/100\n|\n|upkeep\n|turn|47\n|\n|t:|1788276166\n|switch|p2a: Gliscor|Gliscor, M|68/100 tox\n|move|p1a: Okidogi|Bulk Up|p1a: Okidogi\n|-boost|p1a: Okidogi|atk|1\n|-boost|p1a: Okidogi|def|1\n|\n|-heal|p2a: Gliscor|80/100 tox|[from] ability: Poison Heal\n|upkeep\n|turn|48\n|\n|t:|1788276175\n|move|p2a: Gliscor|Spikes|p1a: Okidogi\n|-sidestart|p1: fulkttd|Spikes\n|move|p1a: Okidogi|Knock Off|p2a: Gliscor\n|-damage|p2a: Gliscor|51/100 tox\n|\n|-heal|p2a: Gliscor|64/100 tox|[from] ability: Poison Heal\n|upkeep\n|turn|49\n|\n|t:|1788276182\n|move|p2a: Gliscor|Knock Off|p1a: Okidogi\n|-resisted|p1a: Okidogi\n|-damage|p1a: Okidogi|95/100\n|-enditem|p1a: Okidogi|Leftovers|[from] move: Knock Off|[of] p2a: Gliscor\n|move|p1a: Okidogi|Bulk Up|p1a: Okidogi\n|-boost|p1a: Okidogi|atk|1\n|-boost|p1a: Okidogi|def|1\n|\n|-heal|p2a: Gliscor|76/100 tox|[from] ability: Poison Heal\n|upkeep\n|turn|50\n|\n|t:|1788276190\n|move|p2a: Gliscor|Spikes|p1a: Okidogi\n|-sidestart|p1: fulkttd|Spikes\n|move|p1a: Okidogi|Gunk Shot|p2a: Gliscor\n|-resisted|p2a: Gliscor\n|-damage|p2a: Gliscor|22/100 tox\n|\n|-heal|p2a: Gliscor|35/100 tox|[from] ability: Poison Heal\n|upkeep\n|turn|51\n|\n|t:|1788276198\n|move|p2a: Gliscor|Protect|p2a: Gliscor\n|-singleturn|p2a: Gliscor|Protect\n|move|p1a: Okidogi|Knock Off|p2a: Gliscor\n|-activate|p2a: Gliscor|move: Protect\n|\n|-heal|p2a: Gliscor|47/100 tox|[from] ability: Poison Heal\n|upkeep\n|turn|52\n|\n|t:|1788276203\n|switch|p2a: Dondozo|Dondozo, F|90/100 slp\n|move|p1a: Okidogi|Knock Off|p2a: Dondozo\n|-damage|p2a: Dondozo|80/100 slp\n|\n|upkeep\n|turn|53\n|\n|t:|1788276209\n|switch|p1a: Corviknight|Corviknight, M|52/100\n|-ability|p1a: Corviknight|Pressure\n|-curestatus|p2a: Dondozo|slp|[msg]\n|move|p2a: Dondozo|Curse|p2a: Dondozo\n|-unboost|p2a: Dondozo|spe|1\n|-boost|p2a: Dondozo|atk|1\n|-boost|p2a: Dondozo|def|1\n|\n|upkeep\n|turn|54\n|\n|t:|1788276212\n|switch|p2a: Corviknight|Corviknight, F|73/100\n|-ability|p2a: Corviknight|Pressure\n|move|p1a: Corviknight|Defog|p2a: Corviknight\n|-unboost|p2a: Corviknight|evasion|1\n|-sideend|p1: fulkttd|Spikes|[from] move: Defog|[of] p1a: Corviknight\n|\n|upkeep\n|turn|55\n|\n|t:|1788276218\n|switch|p2a: Gliscor|Gliscor, M|47/100 tox\n|move|p1a: Corviknight|Roost|p1a: Corviknight\n|-heal|p1a: Corviknight|100/100\n|-singleturn|p1a: Corviknight|move: Roost\n|\n|-heal|p2a: Gliscor|60/100 tox|[from] ability: Poison Heal\n|upkeep\n|turn|56\n|\n|t:|1788276223\n|switch|p1a: Walking Wake|Walking Wake|100/100\n|move|p2a: Gliscor|Spikes|p1a: Walking Wake\n|-sidestart|p1: fulkttd|Spikes\n|\n|-heal|p2a: Gliscor|72/100 tox|[from] ability: Poison Heal\n|upkeep\n|turn|57\n|\n|t:|1788276227\n|move|p2a: Gliscor|Protect|p2a: Gliscor\n|-singleturn|p2a: Gliscor|Protect\n|move|p1a: Walking Wake|Flip Turn|p2a: Gliscor\n|-activate|p2a: Gliscor|move: Protect\n|\n|-heal|p2a: Gliscor|85/100 tox|[from] ability: Poison Heal\n|upkeep\n|turn|58\n|\n|t:|1788276233\n|switch|p2a: Corviknight|Corviknight, F|73/100\n|-ability|p2a: Corviknight|Pressure\n|move|p1a: Walking Wake|Flip Turn|p2a: Corviknight\n|-damage|p2a: Corviknight|63/100\n|-damage|p1a: Walking Wake|84/100|[from] item: Rocky Helmet|[of] p2a: Corviknight\n|\n|t:|1788276238\n|-end|p1a: Walking Wake|Protosynthesis|[silent]\n|switch|p1a: Corviknight|Corviknight, M|100/100|[from] Flip Turn\n|-ability|p1a: Corviknight|Pressure\n|\n|upkeep\n|turn|59\n|\n|t:|1788276245\n|move|p2a: Corviknight|Roost|p2a: Corviknight\n|-heal|p2a: Corviknight|100/100\n|-singleturn|p2a: Corviknight|move: Roost\n|move|p1a: Corviknight|Defog|p2a: Corviknight\n|-unboost|p2a: Corviknight|evasion|1\n|-sideend|p1: fulkttd|Spikes|[from] move: Defog|[of] p1a: Corviknight\n|\n|upkeep\n|turn|60\n|\n|t:|1788276251\n|switch|p2a: Gliscor|Gliscor, M|85/100 tox\n|move|p1a: Corviknight|U-turn|p2a: Gliscor\n|-resisted|p2a: Gliscor\n|-damage|p2a: Gliscor|79/100 tox\n|\n|t:|1788276256\n|switch|p1a: Walking Wake|Walking Wake|84/100|[from] U-turn\n|\n|-heal|p2a: Gliscor|91/100 tox|[from] ability: Poison Heal\n|upkeep\n|turn|61\n|\n|t:|1788276261\n|move|p2a: Gliscor|Protect|p2a: Gliscor\n|-singleturn|p2a: Gliscor|Protect\n|move|p1a: Walking Wake|Flip Turn|p2a: Gliscor\n|-activate|p2a: Gliscor|move: Protect\n|\n|-heal|p2a: Gliscor|100/100 tox|[from] ability: Poison Heal\n|upkeep\n|turn|62\n|\n|t:|1788276266\n|move|p1a: Walking Wake|Flip Turn|p2a: Gliscor\n|-supereffective|p2a: Gliscor\n|-damage|p2a: Gliscor|74/100 tox\n|\n|t:|1788276270\n|-end|p1a: Walking Wake|Protosynthesis|[silent]\n|switch|p1a: Hatterene|Hatterene, F|100/100|[from] Flip Turn\n|move|p2a: Gliscor|Knock Off|p1a: Hatterene\n|-damage|p1a: Hatterene|89/100\n|\n|-heal|p2a: Gliscor|87/100 tox|[from] ability: Poison Heal\n|upkeep\n|turn|63\n|\n|t:|1788276281\n|switch|p2a: Blissey|Blissey, F, tera:Dark|69/100\n|switch|p1a: Corviknight|Corviknight, M|100/100\n|-ability|p1a: Corviknight|Pressure\n|\n|upkeep\n|turn|64\n|\n|t:|1788276286\n|switch|p2a: Gliscor|Gliscor, M|87/100 tox\n|move|p1a: Corviknight|U-turn|p2a: Gliscor\n|-resisted|p2a: Gliscor\n|-damage|p2a: Gliscor|81/100 tox\n|\n|t:|1788276288\n|switch|p1a: Walking Wake|Walking Wake|84/100|[from] U-turn\n|\n|-heal|p2a: Gliscor|93/100 tox|[from] ability: Poison Heal\n|upkeep\n|turn|65\n|\n|t:|1788276293\n|move|p2a: Gliscor|Protect|p2a: Gliscor\n|-singleturn|p2a: Gliscor|Protect\n|move|p1a: Walking Wake|Flip Turn|p2a: Gliscor\n|-activate|p2a: Gliscor|move: Protect\n|\n|-heal|p2a: Gliscor|100/100 tox|[from] ability: Poison Heal\n|upkeep\n|turn|66\n|\n|t:|1788276299\n|switch|p2a: Toxapex|Toxapex, M|94/100\n|move|p1a: Walking Wake|Flip Turn|p2a: Toxapex\n|-resisted|p2a: Toxapex\n|-damage|p2a: Toxapex|88/100\n|\n|t:|1788276306\n|-end|p1a: Walking Wake|Protosynthesis|[silent]\n|switch|p1a: Raging Bolt|Raging Bolt|46/100|[from] Flip Turn\n|\n|upkeep\n|turn|67\n|\n|t:|1788276312\n|switch|p2a: Gliscor|Gliscor, M|100/100 tox\n|move|p1a: Raging Bolt|Draco Meteor|p2a: Gliscor\n|-damage|p2a: Gliscor|34/100 tox\n|-unboost|p1a: Raging Bolt|spa|2\n|\n|-heal|p2a: Gliscor|46/100 tox|[from] ability: Poison Heal\n|upkeep\n|turn|68\n|\n|t:|1788276321\n|-end|p1a: Raging Bolt|Protosynthesis|[silent]\n|switch|p1a: Hatterene|Hatterene, F|89/100\n|move|p2a: Gliscor|Toxic|p1a: Hatterene\n|move|p1a: Hatterene|Toxic|p2a: Gliscor|[from] ability: Magic Bounce\n|-fail|p2a: Gliscor|tox\n|\n|-heal|p2a: Gliscor|59/100 tox|[from] ability: Poison Heal\n|upkeep\n|turn|69\n|\n|t:|1788276328\n|switch|p2a: Blissey|Blissey, F, tera:Dark|69/100\n|switch|p1a: Corviknight|Corviknight, M|100/100\n|-ability|p1a: Corviknight|Pressure\n|\n|upkeep\n|turn|70\n|\n|t:|1788276348\n|switch|p2a: Corviknight|Corviknight, F|100/100\n|-ability|p2a: Corviknight|Pressure\n|move|p1a: Corviknight|U-turn|p2a: Corviknight\n|-resisted|p2a: Corviknight\n|-damage|p2a: Corviknight|98/100\n|-damage|p1a: Corviknight|84/100|[from] item: Rocky Helmet|[of] p2a: Corviknight\n|inactive|fulkttd has 120 seconds left.\n|\n|t:|1788276386\n|switch|p1a: Walking Wake|Walking Wake|84/100|[from] U-turn\n|\n|upkeep\n|turn|71\n|\n|t:|1788276398\n|switch|p2a: Toxapex|Toxapex, M|100/100\n|move|p1a: Walking Wake|Surf|p2a: Toxapex\n|-resisted|p2a: Toxapex\n|-damage|p2a: Toxapex|73/100\n|\n|upkeep\n|turn|72\n|\n|t:|1788276404\n|-end|p1a: Walking Wake|Protosynthesis|[silent]\n|switch|p1a: Okidogi|Okidogi, M|95/100\n|move|p2a: Toxapex|Infestation|p1a: Okidogi\n|-resisted|p1a: Okidogi\n|-damage|p1a: Okidogi|94/100\n|-activate|p1a: Okidogi|move: Infestation|[of] p2a: Toxapex\n|\n|-damage|p1a: Okidogi|82/100|[from] move: Infestation|[partiallytrapped]\n|upkeep\n|turn|73\n|\n|t:|1788276410\n|move|p2a: Toxapex|Baneful Bunker|p2a: Toxapex\n|-singleturn|p2a: Toxapex|move: Protect\n|move|p1a: Okidogi|Bulk Up|p1a: Okidogi\n|-boost|p1a: Okidogi|atk|1\n|-boost|p1a: Okidogi|def|1\n|\n|-damage|p1a: Okidogi|69/100|[from] move: Infestation|[partiallytrapped]\n|upkeep\n|turn|74\n|\n|t:|1788276418\n|switch|p2a: Dondozo|Dondozo, F|80/100\n|move|p1a: Okidogi|Bulk Up|p1a: Okidogi\n|-boost|p1a: Okidogi|atk|1\n|-boost|p1a: Okidogi|def|1\n|\n|-end|p1a: Okidogi|Infestation|[partiallytrapped]|[silent]\n|upkeep\n|turn|75\n|\n|t:|1788276428\n|move|p1a: Okidogi|Gunk Shot|p2a: Dondozo|[miss]\n|-miss|p1a: Okidogi|p2a: Dondozo\n|move|p2a: Dondozo|Body Press|p1a: Okidogi\n|-resisted|p1a: Okidogi\n|-damage|p1a: Okidogi|58/100\n|\n|upkeep\n|turn|76\n|\n|t:|1788276434\n|move|p1a: Okidogi|Knock Off|p2a: Dondozo\n|-damage|p2a: Dondozo|69/100\n|move|p2a: Dondozo|Curse|p2a: Dondozo\n|-unboost|p2a: Dondozo|spe|1\n|-boost|p2a: Dondozo|atk|1\n|-boost|p2a: Dondozo|def|1\n|\n|upkeep\n|turn|77\n|\n|t:|1788276440\n|move|p1a: Okidogi|Drain Punch|p2a: Dondozo\n|-damage|p2a: Dondozo|56/100\n|-heal|p1a: Okidogi|67/100|[from] drain|[of] p2a: Dondozo\n|-status|p2a: Dondozo|tox|[from] ability: Toxic Chain|[of] p1a: Okidogi\n|move|p2a: Dondozo|Body Press|p1a: Okidogi\n|-resisted|p1a: Okidogi\n|-damage|p1a: Okidogi|51/100\n|\n|-damage|p2a: Dondozo|50/100 tox|[from] psn\n|upkeep\n|turn|78\n|\n|t:|1788276449\n|switch|p1a: Raging Bolt|Raging Bolt|46/100\n|move|p2a: Dondozo|Rest|p2a: Dondozo\n|-status|p2a: Dondozo|slp|[from] move: Rest\n|-heal|p2a: Dondozo|100/100 slp|[silent]\n|\n|upkeep\n|turn|79\n|\n|t:|1788276459\n|switch|p2a: Blissey|Blissey, F, tera:Dark|69/100\n|move|p1a: Raging Bolt|Volt Switch|p2a: Blissey\n|-damage|p2a: Blissey|56/100\n|\n|t:|1788276465\n|-end|p1a: Raging Bolt|Protosynthesis|[silent]\n|switch|p1a: Corviknight|Corviknight, M|84/100|[from] Volt Switch\n|-ability|p1a: Corviknight|Pressure\n|\n|upkeep\n|turn|80\n|\n|t:|1788276469\n|switch|p2a: Gliscor|Gliscor, M|59/100 tox\n|move|p1a: Corviknight|U-turn|p2a: Gliscor\n|-resisted|p2a: Gliscor\n|-damage|p2a: Gliscor|53/100 tox\n|\n|t:|1788276477\n|switch|p1a: Walking Wake|Walking Wake|84/100|[from] U-turn\n|\n|-heal|p2a: Gliscor|66/100 tox|[from] ability: Poison Heal\n|upkeep\n|turn|81\n|\n|t:|1788276490\n|switch|p2a: Toxapex|Toxapex, M|100/100\n|move|p1a: Walking Wake|Flip Turn|p2a: Toxapex\n|-resisted|p2a: Toxapex\n|-damage|p2a: Toxapex|96/100\n|\n|t:|1788276495\n|-end|p1a: Walking Wake|Protosynthesis|[silent]\n|switch|p1a: Raging Bolt|Raging Bolt|46/100|[from] Flip Turn\n|\n|upkeep\n|turn|82\n|c|\u2606IFreakingluvStall|this guy fucking loves flip turn\n|\n|t:|1788276500\n|move|p1a: Raging Bolt|Volt Switch|p2a: Toxapex\n|-supereffective|p2a: Toxapex\n|-damage|p2a: Toxapex|32/100\n|\n|t:|1788276506\n|-end|p1a: Raging Bolt|Protosynthesis|[silent]\n|switch|p1a: Corviknight|Corviknight, M|84/100|[from] Volt Switch\n|-ability|p1a: Corviknight|Pressure\n|move|p2a: Toxapex|Toxic|p1a: Corviknight\n|-immune|p1a: Corviknight\n|\n|upkeep\n|turn|83\n|\n|t:|1788276510\n|move|p1a: Corviknight|U-turn|p2a: Toxapex\n|-resisted|p2a: Toxapex\n|-damage|p2a: Toxapex|28/100\n|l|\u2606fulkttd\n|inactive|fulkttd disconnected and has a minute to reconnect!\n|player|p1|\n|inactive|fulkttd has 30 seconds to reconnect!\n|inactive|fulkttd has 20 seconds to reconnect!\n|inactive|fulkttd has 15 seconds to reconnect!\n|inactive|fulkttd has 10 seconds to reconnect!\n|inactive|fulkttd has 5 seconds to reconnect!\n|-message|fulkttd lost due to inactivity.\n|\n|win|IFreakingluvStall\n|raw|fulkttd's rating: 1411 &rarr; <strong>1391</strong><br />(-20 for losing)\n|raw|IFreakingluvStall's rating: 1417 &rarr; <strong>1437</strong><br />(+20 for winning)\n|l|\u2606IFreakingluvStall\n|player|p2|\n", "uploadtime": 1788276776, "views": "2", "formatid": "gen9ou", "rating": 1391, "private": 0, "password": null}