{"id": "gen9ou-2674004364", "format": "[Gen 9] OU", "players": ["ohiea", "FirstlyMe"], "log": "|j|\u2606ohiea\n|j|\u2606FirstlyMe\n|t:|1788287158\n|gametype|singles\n|player|p1|ohiea|ingo|1376\n|player|p2|FirstlyMe|miku-ghost|1332\n|gen|9\n|tier|[Gen 9] OU\n|rated|\n|rule|HP Percentage Mod: HP is shown in percentages\n|rule|Endless Battle Clause: Forcing endless battles is banned\n|rule|Species Clause: Limit one of each Pok\u00e9mon\n|rule|OHKO Clause: OHKO moves are banned\n|rule|Evasion Items Clause: Evasion items are banned\n|rule|Evasion Moves Clause: Evasion moves are banned\n|rule|Evasion Abilities Clause: Evasion abilities are banned\n|rule|Sleep Moves Clause: Sleep-inducing moves are banned\n|clearpoke\n|poke|p1|Skarmory, M|\n|poke|p1|Zamazenta-*|\n|poke|p1|Kyurem|\n|poke|p1|Iron Valiant|\n|poke|p1|Pecharunt|\n|poke|p1|Kingambit, M|\n|poke|p2|Samurott-Hisui, F|\n|poke|p2|Great Tusk|\n|poke|p2|Zapdos|\n|poke|p2|Rillaboom, M|\n|poke|p2|Darkrai|\n|poke|p2|Tornadus-Therian, M|\n|teampreview\n|\n|t:|1788287163\n|teamsize|p1|6\n|teamsize|p2|6\n|start\n|switch|p1a: Kyurem|Kyurem, shiny|100/100\n|switch|p2a: Zapdos|Zapdos|100/100\n|-ability|p1a: Kyurem|Pressure\n|turn|1\n|inactive|Battle timer is ON: inactive players will automatically lose when time's up. (requested by ohiea)\n|\n|t:|1788287180\n|switch|p2a: Samurott|Samurott-Hisui, F|100/100\n|-terastallize|p1a: Kyurem|Ice\n|move|p1a: Kyurem|Icicle Spear|p2a: Samurott\n|-resisted|p2a: Samurott\n|-damage|p2a: Samurott|91/100\n|-resisted|p2a: Samurott\n|-damage|p2a: Samurott|81/100\n|-resisted|p2a: Samurott\n|-damage|p2a: Samurott|71/100\n|-resisted|p2a: Samurott\n|-damage|p2a: Samurott|62/100\n|-hitcount|p2a: Samurott|4\n|\n|upkeep\n|turn|2\n|\n|t:|1788287193\n|move|p1a: Kyurem|Dragon Dance|p1a: Kyurem\n|-boost|p1a: Kyurem|atk|1\n|-boost|p1a: Kyurem|spe|1\n|move|p2a: Samurott|Ceaseless Edge|p1a: Kyurem\n|-damage|p1a: Kyurem|59/100\n|-sidestart|p1: ohiea|Spikes\n|\n|upkeep\n|turn|3\n|\n|t:|1788287202\n|move|p1a: Kyurem|Dragon Dance|p1a: Kyurem\n|-boost|p1a: Kyurem|atk|1\n|-boost|p1a: Kyurem|spe|1\n|move|p2a: Samurott|Ceaseless Edge|p1a: Kyurem|[miss]\n|-miss|p2a: Samurott|p1a: Kyurem\n|\n|upkeep\n|turn|4\n|\n|t:|1788287210\n|move|p2a: Samurott|Sucker Punch|p1a: Kyurem\n|-damage|p1a: Kyurem|28/100\n|move|p1a: Kyurem|Icicle Spear|p2a: Samurott\n|-resisted|p2a: Samurott\n|-damage|p2a: Samurott|44/100\n|-resisted|p2a: Samurott\n|-damage|p2a: Samurott|26/100\n|-resisted|p2a: Samurott\n|-damage|p2a: Samurott|7/100\n|-resisted|p2a: Samurott\n|-damage|p2a: Samurott|0 fnt\n|faint|p2a: Samurott\n|-hitcount|p2: Samurott|4\n|\n|upkeep\n|\n|t:|1788287217\n|switch|p2a: Rillaboom|Rillaboom, M|100/100\n|-fieldstart|move: Grassy Terrain|[from] ability: Grassy Surge|[of] p2a: Rillaboom\n|turn|5\n|\n|t:|1788287226\n|switch|p1a: Alberto|Pecharunt|100/100\n|-item|p1a: Alberto|Air Balloon\n|move|p2a: Rillaboom|Grassy Glide|p1a: Alberto\n|-resisted|p1a: Alberto\n|-damage|p1a: Alberto|88/100\n|-enditem|p1a: Alberto|Air Balloon\n|\n|-heal|p1a: Alberto|94/100|[from] Grassy Terrain\n|upkeep\n|turn|6\n|inactive|FirstlyMe has 120 seconds left.\n|\n|t:|1788287260\n|switch|p2a: Darkrai|Darkrai|100/100\n|move|p1a: Alberto|Toxic|p2a: Darkrai\n|-status|p2a: Darkrai|tox\n|-start|p2a: Darkrai|confusion|[from] ability: Poison Puppeteer|[of] p1a: Alberto\n|\n|-heal|p1a: Alberto|99/100|[from] Grassy Terrain\n|-damage|p2a: Darkrai|94/100 tox|[from] psn\n|upkeep\n|turn|7\n|inactive|ohiea has 120 seconds left.\n|\n|t:|1788287294\n|switch|p1a: Gambero|Kingambit, M|100/100\n|-item|p1a: Gambero|Air Balloon\n|-activate|p2a: Darkrai|confusion\n|-damage|p2a: Darkrai|86/100 tox|[from] confusion\n|\n|-heal|p2a: Darkrai|92/100 tox|[from] Grassy Terrain\n|-damage|p2a: Darkrai|80/100 tox|[from] psn\n|upkeep\n|turn|8\n|inactive|ohiea has 120 seconds left.\n|\n|t:|1788287315\n|-end|p1a: Gambero|fallenundefined|[silent]\n|switch|p1a: Alberto|Pecharunt|99/100\n|-damage|p1a: Alberto|87/100|[from] Spikes\n|-activate|p2a: Darkrai|confusion\n|move|p2a: Darkrai|Will-O-Wisp|p1a: Alberto\n|-status|p1a: Alberto|brn\n|\n|-heal|p2a: Darkrai|86/100 tox|[from] Grassy Terrain\n|-heal|p1a: Alberto|93/100 brn|[from] Grassy Terrain\n|-damage|p2a: Darkrai|68/100 tox|[from] psn\n|-damage|p1a: Alberto|87/100 brn|[from] brn\n|upkeep\n|turn|9\n|inactive|ohiea has 120 seconds left.\n|\n|t:|1788287331\n|switch|p2a: Great Tusk|Great Tusk|100/100\n|switch|p1a: Gambero|Kingambit, M|100/100\n|-item|p1a: Gambero|Air Balloon\n|\n|-fieldend|move: Grassy Terrain\n|upkeep\n|turn|10\n|\n|t:|1788287341\n|move|p2a: Great Tusk|Rapid Spin|p1a: Gambero\n|-resisted|p1a: Gambero\n|-damage|p1a: Gambero|93/100\n|-boost|p2a: Great Tusk|spe|1\n|-enditem|p1a: Gambero|Air Balloon\n|move|p1a: Gambero|Swords Dance|p1a: Gambero\n|-boost|p1a: Gambero|atk|2\n|\n|upkeep\n|turn|11\n|\n|t:|1788287351\n|-end|p2a: Great Tusk|Protosynthesis|[silent]\n|switch|p2a: Tornadus|Tornadus-Therian, M|100/100\n|move|p1a: Gambero|Sucker Punch||[still]\n|-fail|p1a: Gambero\n|\n|upkeep\n|turn|12\n|\n|t:|1788287359\n|move|p2a: Tornadus|Heat Wave|p1a: Gambero\n|-supereffective|p1a: Gambero\n|-damage|p1a: Gambero|42/100\n|move|p1a: Gambero|Iron Head|p2a: Tornadus\n|-damage|p2a: Tornadus|0 fnt\n|faint|p2a: Tornadus\n|\n|upkeep\n|\n|t:|1788287364\n|switch|p2a: Great Tusk|Great Tusk|100/100\n|turn|13\n|\n|t:|1788287372\n|move|p1a: Gambero|Sucker Punch|p2a: Great Tusk\n|-resisted|p2a: Great Tusk\n|-crit|p2a: Great Tusk\n|-damage|p2a: Great Tusk|59/100\n|move|p2a: Great Tusk|Headlong Rush|p1a: Gambero\n|-supereffective|p1a: Gambero\n|-damage|p1a: Gambero|0 fnt\n|-unboost|p2a: Great Tusk|def|1\n|-unboost|p2a: Great Tusk|spd|1\n|faint|p1a: Gambero\n|-end|p1a: Gambero|fallenundefined|[silent]\n|\n|upkeep\n|inactive|ohiea has 120 seconds left.\n|c|\u2606ohiea|you shoulda done that first instead of ending your tornadus\n|\n|t:|1788287394\n|switch|p1a: Iron Valiant|Iron Valiant|100/100\n|-damage|p1a: Iron Valiant|88/100|[from] Spikes\n|-enditem|p1a: Iron Valiant|Booster Energy\n|-activate|p1a: Iron Valiant|ability: Quark Drive|[fromitem]\n|-start|p1a: Iron Valiant|quarkdrivespe\n|turn|14\n|c|\u2606FirstlyMe|i thought you were gonna tera\n|c|\u2606FirstlyMe|but then i forgot you alreayd used tera\n|\n|t:|1788287410\n|-end|p2a: Great Tusk|Protosynthesis|[silent]\n|switch|p2a: Zapdos|Zapdos|100/100\n|move|p1a: Iron Valiant|Spirit Break|p2a: Zapdos\n|-crit|p2a: Zapdos\n|-damage|p2a: Zapdos|58/100\n|-unboost|p2a: Zapdos|spa|1\n|\n|upkeep\n|turn|15\n|c|\u2606ohiea|lol\n|inactive|ohiea has 120 seconds left.\n|\n|t:|1788287424\n|-end|p1a: Iron Valiant|Quark Drive|[silent]\n|switch|p1a: Scarmo|Skarmory, M|100/100\n|move|p2a: Zapdos|Volt Switch|p1a: Scarmo\n|-supereffective|p1a: Scarmo\n|-damage|p1a: Scarmo|43/100\n|\n|t:|1788287433\n|switch|p2a: Darkrai|Darkrai|68/100 tox|[from] Volt Switch\n|\n|-damage|p2a: Darkrai|62/100 tox|[from] psn\n|upkeep\n|turn|16\n|\n|t:|1788287439\n|move|p2a: Darkrai|Dark Pulse|p1a: Scarmo\n|-damage|p1a: Scarmo|0 fnt\n|faint|p1a: Scarmo\n|\n|-damage|p2a: Darkrai|50/100 tox|[from] psn\n|upkeep\n|\n|t:|1788287448\n|switch|p1a: Zenzero|Zamazenta|100/100\n|-damage|p1a: Zenzero|88/100|[from] Spikes\n|-ability|p1a: Zenzero|Dauntless Shield|boost\n|-boost|p1a: Zenzero|def|1\n|turn|17\n|\n|t:|1788287458\n|-terastallize|p2a: Darkrai|Poison\n|move|p2a: Darkrai|Will-O-Wisp|p1a: Zenzero\n|-status|p1a: Zenzero|brn\n|move|p1a: Zenzero|Roar|p2a: Darkrai\n|drag|p2a: Great Tusk|Great Tusk|59/100\n|\n|-heal|p1a: Zenzero|94/100 brn|[from] item: Leftovers\n|-damage|p1a: Zenzero|88/100 brn|[from] brn\n|upkeep\n|turn|18\n|\n|t:|1788287465\n|move|p1a: Zenzero|Iron Defense|p1a: Zenzero\n|-boost|p1a: Zenzero|def|2\n|move|p2a: Great Tusk|Stealth Rock|p1a: Zenzero\n|-sidestart|p1: ohiea|move: Stealth Rock\n|\n|-heal|p1a: Zenzero|94/100 brn|[from] item: Leftovers\n|-damage|p1a: Zenzero|88/100 brn|[from] brn\n|upkeep\n|turn|19\n|\n|t:|1788287471\n|-end|p2a: Great Tusk|Protosynthesis|[silent]\n|switch|p2a: Zapdos|Zapdos|58/100\n|move|p1a: Zenzero|Iron Defense|p1a: Zenzero\n|-boost|p1a: Zenzero|def|2\n|\n|-heal|p1a: Zenzero|94/100 brn|[from] item: Leftovers\n|-damage|p1a: Zenzero|88/100 brn|[from] brn\n|upkeep\n|turn|20\n|\n|t:|1788287478\n|move|p1a: Zenzero|Body Press|p2a: Zapdos\n|-resisted|p2a: Zapdos\n|-damage|p2a: Zapdos|34/100\n|move|p2a: Zapdos|Roost|p2a: Zapdos\n|-heal|p2a: Zapdos|85/100\n|-singleturn|p2a: Zapdos|move: Roost\n|\n|-heal|p1a: Zenzero|94/100 brn|[from] item: Leftovers\n|-damage|p1a: Zenzero|88/100 brn|[from] brn\n|upkeep\n|turn|21\n|\n|t:|1788287483\n|move|p1a: Zenzero|Body Press|p2a: Zapdos\n|-resisted|p2a: Zapdos\n|-damage|p2a: Zapdos|62/100\n|move|p2a: Zapdos|Hurricane|p1a: Zenzero|[miss]\n|-miss|p2a: Zapdos|p1a: Zenzero\n|\n|-heal|p1a: Zenzero|94/100 brn|[from] item: Leftovers\n|-damage|p1a: Zenzero|88/100 brn|[from] brn\n|upkeep\n|turn|22\n|\n|t:|1788287487\n|move|p1a: Zenzero|Body Press|p2a: Zapdos\n|-resisted|p2a: Zapdos\n|-damage|p2a: Zapdos|37/100\n|move|p2a: Zapdos|Roost|p2a: Zapdos\n|-heal|p2a: Zapdos|87/100\n|-singleturn|p2a: Zapdos|move: Roost\n|\n|-heal|p1a: Zenzero|94/100 brn|[from] item: Leftovers\n|-damage|p1a: Zenzero|88/100 brn|[from] brn\n|upkeep\n|turn|23\n|\n|t:|1788287493\n|move|p2a: Zapdos|Hurricane|p1a: Zenzero\n|-supereffective|p1a: Zenzero\n|-damage|p1a: Zenzero|15/100 brn\n|move|p1a: Zenzero|Roar|p2a: Zapdos\n|drag|p2a: Rillaboom|Rillaboom, M|100/100\n|-fieldstart|move: Grassy Terrain|[from] ability: Grassy Surge|[of] p2a: Rillaboom\n|\n|-heal|p1a: Zenzero|21/100 brn|[from] Grassy Terrain\n|-heal|p1a: Zenzero|27/100 brn|[from] item: Leftovers\n|-damage|p1a: Zenzero|21/100 brn|[from] brn\n|upkeep\n|turn|24\n|\n|t:|1788287500\n|switch|p2a: Zapdos|Zapdos|87/100\n|move|p1a: Zenzero|Body Press|p2a: Zapdos\n|-resisted|p2a: Zapdos\n|-damage|p2a: Zapdos|64/100\n|\n|-heal|p1a: Zenzero|27/100 brn|[from] Grassy Terrain\n|-heal|p1a: Zenzero|33/100 brn|[from] item: Leftovers\n|-damage|p1a: Zenzero|27/100 brn|[from] brn\n|upkeep\n|turn|25\n|\n|t:|1788287506\n|move|p1a: Zenzero|Body Press|p2a: Zapdos\n|-resisted|p2a: Zapdos\n|-damage|p2a: Zapdos|39/100\n|move|p2a: Zapdos|Roost|p2a: Zapdos\n|-heal|p2a: Zapdos|90/100\n|-singleturn|p2a: Zapdos|move: Roost\n|\n|-heal|p1a: Zenzero|33/100 brn|[from] Grassy Terrain\n|-heal|p1a: Zenzero|40/100 brn|[from] item: Leftovers\n|-heal|p2a: Zapdos|96/100|[from] Grassy Terrain\n|-damage|p1a: Zenzero|33/100 brn|[from] brn\n|upkeep\n|turn|26\n|\n|t:|1788287511\n|move|p2a: Zapdos|Hurricane|p1a: Zenzero|[miss]\n|-miss|p2a: Zapdos|p1a: Zenzero\n|move|p1a: Zenzero|Roar|p2a: Zapdos\n|drag|p2a: Darkrai|Darkrai, tera:Poison|50/100 tox\n|\n|-heal|p2a: Darkrai|56/100 tox|[from] Grassy Terrain\n|-heal|p1a: Zenzero|40/100 brn|[from] Grassy Terrain\n|-heal|p1a: Zenzero|46/100 brn|[from] item: Leftovers\n|-damage|p2a: Darkrai|50/100 tox|[from] psn\n|-damage|p1a: Zenzero|40/100 brn|[from] brn\n|upkeep\n|turn|27\n|\n|t:|1788287517\n|switch|p2a: Zapdos|Zapdos|96/100\n|move|p1a: Zenzero|Crunch|p2a: Zapdos\n|-damage|p2a: Zapdos|88/100\n|\n|-heal|p1a: Zenzero|46/100 brn|[from] Grassy Terrain\n|-heal|p1a: Zenzero|52/100 brn|[from] item: Leftovers\n|-damage|p1a: Zenzero|46/100 brn|[from] brn\n|-fieldend|move: Grassy Terrain\n|upkeep\n|turn|28\n|\n|t:|1788287523\n|move|p2a: Zapdos|Hurricane|p1a: Zenzero\n|-supereffective|p1a: Zenzero\n|-damage|p1a: Zenzero|0 fnt\n|faint|p1a: Zenzero\n|\n|upkeep\n|\n|t:|1788287545\n|switch|p1a: Alberto|Pecharunt|87/100 brn\n|-damage|p1a: Alberto|75/100 brn|[from] Spikes\n|-damage|p1a: Alberto|63/100 brn|[from] Stealth Rock\n|turn|29\n|\n|t:|1788287552\n|move|p2a: Zapdos|Hurricane|p1a: Alberto\n|-damage|p1a: Alberto|17/100 brn\n|-start|p1a: Alberto|confusion\n|-activate|p1a: Alberto|confusion\n|move|p1a: Alberto|Toxic|p2a: Zapdos\n|-status|p2a: Zapdos|tox\n|-start|p2a: Zapdos|confusion|[from] ability: Poison Puppeteer|[of] p1a: Alberto\n|\n|-damage|p2a: Zapdos|82/100 tox|[from] psn\n|-damage|p1a: Alberto|11/100 brn|[from] brn\n|upkeep\n|turn|30\n|\n|t:|1788287565\n|-activate|p2a: Zapdos|confusion\n|-damage|p2a: Zapdos|78/100 tox|[from] confusion\n|-activate|p1a: Alberto|confusion\n|move|p1a: Alberto|Recover|p1a: Alberto\n|-heal|p1a: Alberto|61/100 brn\n|\n|-damage|p2a: Zapdos|66/100 tox|[from] psn\n|-damage|p1a: Alberto|55/100 brn|[from] brn\n|upkeep\n|turn|31\n|\n|t:|1788287573\n|-activate|p2a: Zapdos|confusion\n|-damage|p2a: Zapdos|61/100 tox|[from] confusion\n|-activate|p1a: Alberto|confusion\n|move|p1a: Alberto|Recover|p1a: Alberto\n|-heal|p1a: Alberto|100/100 brn\n|\n|-damage|p2a: Zapdos|43/100 tox|[from] psn\n|-damage|p1a: Alberto|94/100 brn|[from] brn\n|upkeep\n|turn|32\n|\n|t:|1788287581\n|-activate|p2a: Zapdos|confusion\n|-damage|p2a: Zapdos|39/100 tox|[from] confusion\n|-activate|p1a: Alberto|confusion\n|-damage|p1a: Alberto|92/100 brn|[from] confusion\n|\n|-damage|p2a: Zapdos|15/100 tox|[from] psn\n|-damage|p1a: Alberto|85/100 brn|[from] brn\n|upkeep\n|turn|33\n|\n|t:|1788287605\n|-activate|p2a: Zapdos|confusion\n|-damage|p2a: Zapdos|10/100 tox|[from] confusion\n|-end|p1a: Alberto|confusion\n|move|p1a: Alberto|Recover|p1a: Alberto\n|-heal|p1a: Alberto|100/100 brn\n|\n|-damage|p2a: Zapdos|0 fnt|[from] psn\n|faint|p2a: Zapdos\n|-damage|p1a: Alberto|94/100 brn|[from] brn\n|upkeep\n|c|\u2606FirstlyMe|crazy \ud83d\ude2d\n|inactive|FirstlyMe has 120 seconds left.\n|c|\u2606ohiea|mf moved as if it was in a wheelchair, \"confused\" my ass\n|\n|t:|1788287643\n|switch|p2a: Great Tusk|Great Tusk|59/100\n|turn|34\n|\n|t:|1788287655\n|move|p2a: Great Tusk|Headlong Rush|p1a: Alberto\n|-supereffective|p1a: Alberto\n|-damage|p1a: Alberto|38/100 brn\n|-unboost|p2a: Great Tusk|def|1\n|-unboost|p2a: Great Tusk|spd|1\n|move|p1a: Alberto|Toxic|p2a: Great Tusk\n|-status|p2a: Great Tusk|tox\n|-start|p2a: Great Tusk|confusion|[from] ability: Poison Puppeteer|[of] p1a: Alberto\n|\n|-damage|p2a: Great Tusk|53/100 tox|[from] psn\n|-damage|p1a: Alberto|32/100 brn|[from] brn\n|upkeep\n|turn|35\n|\n|t:|1788287672\n|switch|p1a: Kyurem|Kyurem, shiny, tera:Ice|28/100\n|-damage|p1a: Kyurem|16/100|[from] Spikes\n|-damage|p1a: Kyurem|0 fnt|[from] Stealth Rock\n|faint|p1a: Kyurem\n|-activate|p2a: Great Tusk|confusion\n|-damage|p2a: Great Tusk|38/100 tox|[from] confusion\n|\n|-damage|p2a: Great Tusk|26/100 tox|[from] psn\n|upkeep\n|\n|t:|1788287682\n|switch|p1a: Iron Valiant|Iron Valiant|88/100\n|-damage|p1a: Iron Valiant|76/100|[from] Spikes\n|-damage|p1a: Iron Valiant|69/100|[from] Stealth Rock\n|turn|36\n|\n|t:|1788287694\n|-end|p2a: Great Tusk|Protosynthesis|[silent]\n|switch|p2a: Rillaboom|Rillaboom, M|100/100\n|-fieldstart|move: Grassy Terrain|[from] ability: Grassy Surge|[of] p2a: Rillaboom\n|move|p1a: Iron Valiant|Spirit Break|p2a: Rillaboom\n|-damage|p2a: Rillaboom|56/100\n|-unboost|p2a: Rillaboom|spa|1\n|\n|-heal|p1a: Iron Valiant|76/100|[from] Grassy Terrain\n|-heal|p2a: Rillaboom|62/100|[from] Grassy Terrain\n|upkeep\n|turn|37\n|\n|t:|1788287707\n|move|p1a: Iron Valiant|Close Combat|p2a: Rillaboom\n|-damage|p2a: Rillaboom|0 fnt\n|-unboost|p1a: Iron Valiant|def|1\n|-unboost|p1a: Iron Valiant|spd|1\n|faint|p2a: Rillaboom\n|\n|-heal|p1a: Iron Valiant|82/100|[from] Grassy Terrain\n|upkeep\n|\n|t:|1788287726\n|switch|p2a: Darkrai|Darkrai, tera:Poison|50/100 tox\n|turn|38\n|\n|t:|1788287747\n|move|p2a: Darkrai|Sludge Bomb|p1a: Iron Valiant\n|-supereffective|p1a: Iron Valiant\n|-damage|p1a: Iron Valiant|0 fnt\n|faint|p1a: Iron Valiant\n|-end|p1a: Iron Valiant|Quark Drive|[silent]\n|\n|-heal|p2a: Darkrai|56/100 tox|[from] Grassy Terrain\n|-damage|p2a: Darkrai|50/100 tox|[from] psn\n|upkeep\n|\n|t:|1788287750\n|switch|p1a: Alberto|Pecharunt|32/100 brn\n|-damage|p1a: Alberto|19/100 brn|[from] Spikes\n|-damage|p1a: Alberto|7/100 brn|[from] Stealth Rock\n|turn|39\n|\n|t:|1788287769\n|move|p2a: Darkrai|Dark Pulse|p1a: Alberto\n|-supereffective|p1a: Alberto\n|-damage|p1a: Alberto|0 fnt\n|faint|p1a: Alberto\n|\n|win|FirstlyMe\n|raw|ohiea's rating: 1376 &rarr; <strong>1355</strong><br />(-21 for losing)\n|raw|FirstlyMe's rating: 1354 &rarr; <strong>1375</strong><br />(+21 for winning)\n|c|\u2606FirstlyMe|gg\n|c|\u2606ohiea|gg\n", "uploadtime": 1788287774, "views": "9", "formatid": "gen9ou", "rating": 1355, "private": 0, "password": null}