{"id": "gen9ou-2673868923", "format": "[Gen 9] OU", "players": ["PR*SSS", "hexonicgd"], "log": "|j|\u2606PR*SSS\n|j|\u2606hexonicgd\n|t:|1788270916\n|gametype|singles\n|player|p1|PR*SSS|psychic-gen2|1646\n|player|p2|hexonicgd|265|1596\n|gen|9\n|tier|[Gen 9] OU\n|rated|\n|rule|HP Percentage Mod: HP is shown in percentages\n|rule|Endless Battle Clause: Forcing endless battles is banned\n|rule|Species Clause: Limit one of each Pok\u00e9mon\n|rule|OHKO Clause: OHKO moves are banned\n|rule|Evasion Items Clause: Evasion items are banned\n|rule|Evasion Moves Clause: Evasion moves are banned\n|rule|Evasion Abilities Clause: Evasion abilities are banned\n|rule|Sleep Moves Clause: Sleep-inducing moves are banned\n|clearpoke\n|poke|p1|Deoxys-Speed|\n|poke|p1|Dragonite, F|\n|poke|p1|Great Tusk|\n|poke|p1|Gholdengo|\n|poke|p1|Samurott-Hisui, M|\n|poke|p1|Cresselia, F|\n|poke|p2|Iron Valiant|\n|poke|p2|Ogerpon, F|\n|poke|p2|Dragonite, F|\n|poke|p2|Hatterene, F|\n|poke|p2|Iron Treads|\n|poke|p2|Kingambit, M|\n|teampreview\n|\n|t:|1788270937\n|teamsize|p1|6\n|teamsize|p2|6\n|start\n|switch|p1a: Samurott|Samurott-Hisui, M|100/100\n|switch|p2a: Ogerpon|Ogerpon, F|100/100\n|turn|1\n|\n|t:|1788270951\n|switch|p1a: Gholdengo|Gholdengo|100/100\n|move|p2a: Ogerpon|U-turn|p1a: Gholdengo\n|-resisted|p1a: Gholdengo\n|-damage|p1a: Gholdengo|91/100\n|\n|t:|1788270962\n|switch|p2a: Dragonite|Dragonite, F|100/100|[from] U-turn\n|\n|upkeep\n|turn|2\n|\n|t:|1788270965\n|move|p1a: Gholdengo|Trick|p2a: Dragonite\n|-activate|p1a: Gholdengo|move: Trick|[of] p2a: Dragonite\n|-item|p2a: Dragonite|Choice Scarf|[from] move: Trick\n|-item|p1a: Gholdengo|Choice Band|[from] move: Trick\n|move|p2a: Dragonite|Fire Punch|p1a: Gholdengo\n|-supereffective|p1a: Gholdengo\n|-damage|p1a: Gholdengo|22/100\n|\n|upkeep\n|turn|3\n|\n|t:|1788270984\n|switch|p1a: Samurott|Samurott-Hisui, M|100/100\n|move|p2a: Dragonite|Fire Punch|p1a: Samurott\n|-resisted|p1a: Samurott\n|-damage|p1a: Samurott|84/100\n|\n|upkeep\n|turn|4\n|\n|t:|1788270991\n|switch|p2a: Hatterene|Hatterene, F|100/100\n|move|p1a: Samurott|Ceaseless Edge|p2a: Hatterene\n|-damage|p2a: Hatterene|64/100\n|-sidestart|p2: hexonicgd|Spikes\n|\n|-heal|p2a: Hatterene|70/100|[from] item: Leftovers\n|upkeep\n|turn|5\n|\n|t:|1788271000\n|move|p1a: Samurott|Flip Turn|p2a: Hatterene\n|-damage|p2a: Hatterene|49/100\n|\n|t:|1788271003\n|switch|p1a: Gholdengo|Gholdengo|22/100|[from] Flip Turn\n|move|p2a: Hatterene|Draining Kiss|p1a: Gholdengo\n|-resisted|p1a: Gholdengo\n|-damage|p1a: Gholdengo|9/100\n|-heal|p2a: Hatterene|58/100|[from] drain|[of] p1a: Gholdengo\n|\n|-heal|p2a: Hatterene|64/100|[from] item: Leftovers\n|upkeep\n|turn|6\n|\n|t:|1788271013\n|switch|p2a: Kingambit|Kingambit, M|100/100\n|-damage|p2a: Kingambit|88/100|[from] Spikes\n|move|p1a: Gholdengo|Trick|p2a: Kingambit\n|-activate|p1a: Gholdengo|move: Trick|[of] p2a: Kingambit\n|-item|p2a: Kingambit|Choice Band|[from] move: Trick\n|-item|p1a: Gholdengo|Leftovers|[from] move: Trick\n|\n|-heal|p1a: Gholdengo|15/100|[from] item: Leftovers\n|upkeep\n|turn|7\n|\n|t:|1788271020\n|switch|p1a: Samurott|Samurott-Hisui, M|84/100\n|move|p2a: Kingambit|Kowtow Cleave|p1a: Samurott\n|-resisted|p1a: Samurott\n|-damage|p1a: Samurott|45/100\n|\n|upkeep\n|turn|8\n|\n|t:|1788271029\n|move|p1a: Samurott|Flip Turn|p2a: Kingambit\n|-damage|p2a: Kingambit|70/100\n|\n|t:|1788271030\n|switch|p1a: Great Tusk|Great Tusk|100/100|[from] Flip Turn\n|move|p2a: Kingambit|Kowtow Cleave|p1a: Great Tusk\n|-resisted|p1a: Great Tusk\n|-damage|p1a: Great Tusk|76/100\n|-damage|p2a: Kingambit|53/100|[from] item: Rocky Helmet|[of] p1a: Great Tusk\n|\n|upkeep\n|turn|9\n|\n|t:|1788271037\n|-end|p2a: Kingambit|fallenundefined|[silent]\n|switch|p2a: Hatterene|Hatterene, F|64/100\n|-damage|p2a: Hatterene|51/100|[from] Spikes\n|move|p1a: Great Tusk|Headlong Rush|p2a: Hatterene\n|-damage|p2a: Hatterene|4/100\n|-unboost|p1a: Great Tusk|def|1\n|-unboost|p1a: Great Tusk|spd|1\n|\n|-heal|p2a: Hatterene|10/100|[from] item: Leftovers\n|upkeep\n|turn|10\n|\n|t:|1788271042\n|move|p1a: Great Tusk|Ice Spinner|p2a: Hatterene\n|-damage|p2a: Hatterene|0 fnt\n|faint|p2a: Hatterene\n|\n|upkeep\n|\n|t:|1788271051\n|switch|p2a: Iron Valiant|Iron Valiant, shiny|100/100\n|-damage|p2a: Iron Valiant|88/100|[from] Spikes\n|turn|11\n|\n|t:|1788271058\n|-end|p1a: Great Tusk|Protosynthesis|[silent]\n|switch|p1a: Gholdengo|Gholdengo|15/100\n|move|p2a: Iron Valiant|Moonblast|p1a: Gholdengo\n|-resisted|p1a: Gholdengo\n|-damage|p1a: Gholdengo|0 fnt\n|faint|p1a: Gholdengo\n|\n|upkeep\n|\n|t:|1788271062\n|switch|p1a: Deoxys|Deoxys-Speed|100/100\n|-ability|p1a: Deoxys|Pressure\n|turn|12\n|\n|t:|1788271072\n|-end|p2a: Iron Valiant|Quark Drive|[silent]\n|switch|p2a: Iron Treads|Iron Treads|100/100\n|-damage|p2a: Iron Treads|88/100|[from] Spikes\n|-enditem|p2a: Iron Treads|Booster Energy\n|-activate|p2a: Iron Treads|ability: Quark Drive|[fromitem]\n|-start|p2a: Iron Treads|quarkdrivespe\n|move|p1a: Deoxys|Psycho Boost|p2a: Iron Treads\n|-resisted|p2a: Iron Treads\n|-damage|p2a: Iron Treads|41/100\n|-unboost|p1a: Deoxys|spa|2\n|-damage|p1a: Deoxys|91/100|[from] item: Life Orb\n|\n|upkeep\n|turn|13\n|\n|t:|1788271081\n|switch|p1a: Great Tusk|Great Tusk|76/100\n|move|p2a: Iron Treads|Iron Head|p1a: Great Tusk\n|-damage|p1a: Great Tusk|56/100\n|-damage|p2a: Iron Treads|24/100|[from] item: Rocky Helmet|[of] p1a: Great Tusk\n|\n|upkeep\n|turn|14\n|\n|t:|1788271086\n|move|p2a: Iron Treads|Rapid Spin|p1a: Great Tusk\n|-damage|p1a: Great Tusk|47/100\n|-boost|p2a: Iron Treads|spe|1\n|-damage|p2a: Iron Treads|8/100|[from] item: Rocky Helmet|[of] p1a: Great Tusk\n|-sideend|p2: hexonicgd|Spikes|[from] move: Rapid Spin|[of] p2a: Iron Treads\n|move|p1a: Great Tusk|Stealth Rock|p2a: Iron Treads\n|-sidestart|p2: hexonicgd|move: Stealth Rock\n|\n|upkeep\n|turn|15\n|\n|t:|1788271093\n|move|p2a: Iron Treads|Earthquake|p1a: Great Tusk\n|-damage|p1a: Great Tusk|24/100\n|move|p1a: Great Tusk|Stealth Rock||[still]\n|-fail|p1a: Great Tusk\n|\n|upkeep\n|turn|16\n|\n|t:|1788271099\n|move|p2a: Iron Treads|Earthquake|p1a: Great Tusk\n|-damage|p1a: Great Tusk|1/100\n|move|p1a: Great Tusk|Ice Spinner|p2a: Iron Treads\n|-damage|p2a: Iron Treads|0 fnt\n|faint|p2a: Iron Treads\n|-end|p2a: Iron Treads|Quark Drive|[silent]\n|\n|upkeep\n|\n|t:|1788271107\n|switch|p2a: Ogerpon|Ogerpon, F|100/100\n|-damage|p2a: Ogerpon|88/100|[from] Stealth Rock\n|turn|17\n|\n|t:|1788271116\n|move|p2a: Ogerpon|U-turn|p1a: Great Tusk\n|-resisted|p1a: Great Tusk\n|-damage|p1a: Great Tusk|0 fnt\n|-damage|p2a: Ogerpon|72/100|[from] item: Rocky Helmet|[of] p1a: Great Tusk\n|faint|p1a: Great Tusk\n|-end|p1a: Great Tusk|Protosynthesis|[silent]\n|\n|t:|1788271122\n|switch|p2a: Dragonite|Dragonite, F|100/100|[from] U-turn\n|-damage|p2a: Dragonite|76/100|[from] Stealth Rock\n|\n|upkeep\n|\n|t:|1788271136\n|switch|p1a: Deoxys|Deoxys-Speed|91/100\n|-ability|p1a: Deoxys|Pressure\n|turn|18\n|\n|t:|1788271140\n|move|p2a: Dragonite|Extreme Speed|p1a: Deoxys\n|-damage|p1a: Deoxys|39/100\n|move|p1a: Deoxys|Psycho Boost|p2a: Dragonite\n|-damage|p2a: Dragonite|1/100\n|-unboost|p1a: Deoxys|spa|2\n|-damage|p1a: Deoxys|29/100|[from] item: Life Orb\n|\n|upkeep\n|turn|19\n|\n|t:|1788271147\n|switch|p1a: Cresselia|Cresselia, F|100/100\n|move|p2a: Dragonite|Extreme Speed|p1a: Cresselia\n|-damage|p1a: Cresselia|78/100\n|\n|-heal|p1a: Cresselia|84/100|[from] item: Leftovers\n|upkeep\n|turn|20\n|\n|t:|1788271154\n|switch|p2a: Ogerpon|Ogerpon, F|72/100\n|-damage|p2a: Ogerpon|59/100|[from] Stealth Rock\n|move|p1a: Cresselia|Moonlight|p1a: Cresselia\n|-heal|p1a: Cresselia|100/100\n|\n|upkeep\n|turn|21\n|\n|t:|1788271168\n|move|p2a: Ogerpon|Knock Off|p1a: Cresselia\n|-supereffective|p1a: Cresselia\n|-damage|p1a: Cresselia|24/100\n|-enditem|p1a: Cresselia|Leftovers|[from] move: Knock Off|[of] p2a: Ogerpon\n|move|p1a: Cresselia|Ice Beam|p2a: Ogerpon\n|-supereffective|p2a: Ogerpon\n|-damage|p2a: Ogerpon|6/100\n|\n|upkeep\n|turn|22\n|\n|t:|1788271175\n|switch|p1a: Samurott|Samurott-Hisui, M|45/100\n|move|p2a: Ogerpon|Knock Off|p1a: Samurott\n|-resisted|p1a: Samurott\n|-damage|p1a: Samurott|21/100\n|-enditem|p1a: Samurott|Assault Vest|[from] move: Knock Off|[of] p2a: Ogerpon\n|\n|upkeep\n|turn|23\n|\n|t:|1788271180\n|move|p1a: Samurott|Sucker Punch|p2a: Ogerpon\n|-damage|p2a: Ogerpon|0 fnt\n|faint|p2a: Ogerpon\n|\n|upkeep\n|inactive|Battle timer is ON: inactive players will automatically lose when time's up. (requested by PR*SSS)\n|\n|t:|1788271205\n|switch|p2a: Iron Valiant|Iron Valiant, shiny|88/100\n|-damage|p2a: Iron Valiant|82/100|[from] Stealth Rock\n|turn|24\n|\n|t:|1788271214\n|move|p1a: Samurott|Sucker Punch|p2a: Iron Valiant\n|-resisted|p2a: Iron Valiant\n|-damage|p2a: Iron Valiant|72/100\n|move|p2a: Iron Valiant|Moonblast|p1a: Samurott\n|-supereffective|p1a: Samurott\n|-damage|p1a: Samurott|0 fnt\n|faint|p1a: Samurott\n|\n|upkeep\n|\n|t:|1788271222\n|switch|p1a: Deoxys|Deoxys-Speed|29/100\n|-ability|p1a: Deoxys|Pressure\n|turn|25\n|\n|t:|1788271228\n|-end|p2a: Iron Valiant|Quark Drive|[silent]\n|switch|p2a: Dragonite|Dragonite, F|1/100\n|-damage|p2a: Dragonite|0 fnt|[from] Stealth Rock\n|faint|p2a: Dragonite\n|move|p1a: Deoxys|Psycho Boost|p2: Dragonite|[notarget]\n|-fail|p1a: Deoxys\n|\n|upkeep\n|\n|t:|1788271232\n|switch|p2a: Kingambit|Kingambit, M|53/100\n|-damage|p2a: Kingambit|47/100|[from] Stealth Rock\n|-activate|p2a: Kingambit|ability: Supreme Overlord\n|-start|p2a: Kingambit|fallen4|[silent]\n|turn|26\n|\n|t:|1788271239\n|-terastallize|p2a: Kingambit|Ghost\n|move|p1a: Deoxys|Focus Blast|p2a: Kingambit\n|-immune|p2a: Kingambit\n|move|p2a: Kingambit|Kowtow Cleave|p1a: Deoxys\n|-supereffective|p1a: Deoxys\n|-damage|p1a: Deoxys|0 fnt\n|faint|p1a: Deoxys\n|\n|upkeep\n|\n|t:|1788271257\n|switch|p1a: Cresselia|Cresselia, F|24/100\n|turn|27\n|inactive|PR*SSS has 120 seconds left.\n|inactive|PR*SSS has 90 seconds left.\n|inactive|PR*SSS has 60 seconds left.\n|\n|t:|1788271355\n|move|p1a: Cresselia|Thunderbolt|p2a: Kingambit\n|-damage|p2a: Kingambit|25/100\n|move|p2a: Kingambit|Kowtow Cleave|p1a: Cresselia\n|-supereffective|p1a: Cresselia\n|-damage|p1a: Cresselia|0 fnt\n|faint|p1a: Cresselia\n|\n|upkeep\n|\n|t:|1788271357\n|switch|p1a: Dragonite|Dragonite, F|100/100\n|turn|28\n|\n|t:|1788271367\n|-terastallize|p1a: Dragonite|Fire\n|move|p1a: Dragonite|Fire Punch|p2a: Kingambit\n|-damage|p2a: Kingambit|0 fnt\n|faint|p2a: Kingambit\n|-end|p2a: Kingambit|fallen4|[silent]\n|\n|upkeep\n|\n|t:|1788271371\n|switch|p2a: Iron Valiant|Iron Valiant, shiny|72/100\n|-damage|p2a: Iron Valiant|66/100|[from] Stealth Rock\n|turn|29\n|\n|t:|1788271381\n|move|p2a: Iron Valiant|Shadow Ball|p1a: Dragonite\n|-damage|p1a: Dragonite|79/100\n|move|p1a: Dragonite|Fire Punch|p2a: Iron Valiant\n|-damage|p2a: Iron Valiant|10/100\n|\n|upkeep\n|turn|30\n|\n|t:|1788271386\n|move|p1a: Dragonite|Extreme Speed|p2a: Iron Valiant\n|-damage|p2a: Iron Valiant|0 fnt\n|faint|p2a: Iron Valiant\n|-end|p2a: Iron Valiant|Quark Drive|[silent]\n|\n|win|PR*SSS\n|raw|PR*SSS's rating: 1646 &rarr; <strong>1663</strong><br />(+17 for winning)\n|raw|hexonicgd's rating: 1596 &rarr; <strong>1579</strong><br />(-17 for losing)\n|l|\u2606hexonicgd\n|player|p2|\n|l|\u2606PR*SSS\n|player|p1|\n", "uploadtime": 1788271619, "views": "0", "formatid": "gen9ou", "rating": 1579, "private": 0, "password": null}