{"id": "gen9ou-2674051675", "format": "[Gen 9] OU", "players": ["ninathecorg", "JumpedouttheWindow"], "log": "|j|\u2606ninathecorg\n|j|\u2606JumpedouttheWindow\n|t:|1788292794\n|gametype|singles\n|player|p1|ninathecorg|2|1422\n|player|p2|JumpedouttheWindow|101|1472\n|gen|9\n|tier|[Gen 9] OU\n|rated|\n|rule|HP Percentage Mod: HP is shown in percentages\n|rule|Endless Battle Clause: Forcing endless battles is banned\n|rule|Species Clause: Limit one of each Pok\u00e9mon\n|rule|OHKO Clause: OHKO moves are banned\n|rule|Evasion Items Clause: Evasion items are banned\n|rule|Evasion Moves Clause: Evasion moves are banned\n|rule|Evasion Abilities Clause: Evasion abilities are banned\n|rule|Sleep Moves Clause: Sleep-inducing moves are banned\n|clearpoke\n|poke|p1|Ogerpon-Wellspring, F|\n|poke|p1|Raging Bolt|\n|poke|p1|Great Tusk|\n|poke|p1|Ting-Lu|\n|poke|p1|Cresselia, F|\n|poke|p1|Gholdengo|\n|poke|p2|Ogerpon-Wellspring, F|\n|poke|p2|Raging Bolt|\n|poke|p2|Iron Jugulis|\n|poke|p2|Hatterene, F|\n|poke|p2|Kingambit, F|\n|poke|p2|Great Tusk|\n|teampreview\n|j| dialga simp idk\n|\n|t:|1788292835\n|teamsize|p1|6\n|teamsize|p2|6\n|start\n|switch|p1a: Ting-Lu|Ting-Lu|100/100\n|switch|p2a: Hatterene|Hatterene, F|100/100\n|-ability|p1a: Ting-Lu|Vessel of Ruin\n|turn|1\n|\n|t:|1788292876\n|move|p1a: Ting-Lu|Ruination|p2a: Hatterene\n|-damage|p2a: Hatterene|50/100\n|move|p2a: Hatterene|Trick Room|p2a: Hatterene\n|-fieldstart|move: Trick Room|[of] p2a: Hatterene\n|\n|upkeep\n|turn|2\n|\n|t:|1788292890\n|move|p2a: Hatterene|Reflect|p2a: Hatterene\n|-sidestart|p2: JumpedouttheWindow|Reflect\n|move|p1a: Ting-Lu|Whirlwind|p2a: Hatterene\n|move|p2a: Hatterene|Whirlwind|p1a: Ting-Lu|[from] ability: Magic Bounce\n|drag|p1a: Gholdengo|Gholdengo|100/100\n|\n|upkeep\n|turn|3\n|\n|t:|1788292900\n|move|p2a: Hatterene|Light Screen|p2a: Hatterene\n|-sidestart|p2: JumpedouttheWindow|move: Light Screen\n|move|p1a: Gholdengo|Make It Rain|p2a: Hatterene\n|-supereffective|p2a: Hatterene\n|-damage|p2a: Hatterene|2/100\n|-unboost|p1a: Gholdengo|spa|1\n|\n|upkeep\n|turn|4\n|\n|t:|1788292913\n|move|p2a: Hatterene|Healing Wish|p2a: Hatterene\n|faint|p2a: Hatterene\n|move|p1a: Gholdengo|Make It Rain|p2: Hatterene|[notarget]\n|-fail|p1a: Gholdengo\n|\n|upkeep\n|\n|t:|1788292918\n|switch|p2a: Raging Bolt|Raging Bolt|100/100\n|-enditem|p2a: Raging Bolt|Booster Energy\n|-activate|p2a: Raging Bolt|ability: Protosynthesis|[fromitem]\n|-start|p2a: Raging Bolt|protosynthesisspa\n|turn|5\n|\n|t:|1788292927\n|switch|p1a: Ting-Lu|Ting-Lu|100/100\n|-ability|p1a: Ting-Lu|Vessel of Ruin\n|move|p2a: Raging Bolt|Calm Mind|p2a: Raging Bolt\n|-boost|p2a: Raging Bolt|spa|1\n|-boost|p2a: Raging Bolt|spd|1\n|\n|-fieldend|move: Trick Room\n|upkeep\n|turn|6\n|\n|t:|1788292941\n|move|p2a: Raging Bolt|Draco Meteor|p1a: Ting-Lu\n|-damage|p1a: Ting-Lu|41/100\n|-unboost|p2a: Raging Bolt|spa|2\n|move|p1a: Ting-Lu|Whirlwind|p2a: Raging Bolt\n|-end|p2a: Raging Bolt|Protosynthesis|[silent]\n|drag|p2a: Great Tusk|Great Tusk|100/100\n|-enditem|p2a: Great Tusk|Booster Energy\n|-activate|p2a: Great Tusk|ability: Protosynthesis|[fromitem]\n|-start|p2a: Great Tusk|protosynthesisatk\n|\n|-heal|p1a: Ting-Lu|47/100|[from] item: Leftovers\n|upkeep\n|turn|7\n|\n|t:|1788292953\n|switch|p1a: Cresselia|Cresselia, F|100/100\n|move|p2a: Great Tusk|Close Combat|p1a: Cresselia\n|-resisted|p1a: Cresselia\n|-damage|p1a: Cresselia|79/100\n|-unboost|p2a: Great Tusk|def|1\n|-unboost|p2a: Great Tusk|spd|1\n|\n|-heal|p1a: Cresselia|85/100|[from] item: Leftovers\n|upkeep\n|turn|8\n|\n|t:|1788292963\n|-end|p2a: Great Tusk|Protosynthesis|[silent]\n|switch|p2a: Ogerpon|Ogerpon-Wellspring, F|100/100\n|move|p1a: Cresselia|Psychic|p2a: Ogerpon\n|-damage|p2a: Ogerpon|87/100\n|\n|-heal|p1a: Cresselia|91/100|[from] item: Leftovers\n|upkeep\n|turn|9\n|\n|t:|1788292970\n|move|p2a: Ogerpon|Swords Dance|p2a: Ogerpon\n|-boost|p2a: Ogerpon|atk|2\n|move|p1a: Cresselia|Thunder Wave|p2a: Ogerpon\n|-status|p2a: Ogerpon|par\n|\n|-heal|p1a: Cresselia|98/100|[from] item: Leftovers\n|-sideend|p2: JumpedouttheWindow|Reflect\n|upkeep\n|turn|10\n|\n|t:|1788292981\n|move|p1a: Cresselia|Psychic|p2a: Ogerpon\n|-damage|p2a: Ogerpon|72/100 par\n|move|p2a: Ogerpon|Horn Leech|p1a: Cresselia\n|-crit|p1a: Cresselia\n|-damage|p1a: Cresselia|30/100\n|-heal|p2a: Ogerpon|100/100 par|[from] drain|[of] p1a: Cresselia\n|\n|-heal|p1a: Cresselia|36/100|[from] item: Leftovers\n|-sideend|p2: JumpedouttheWindow|move: Light Screen\n|upkeep\n|turn|11\n|\n|t:|1788293001\n|switch|p1a: Gholdengo|Gholdengo|100/100\n|move|p2a: Ogerpon|Encore|p1a: Gholdengo\n|-immune|p1a: Gholdengo|[from] ability: Good as Gold\n|\n|upkeep\n|turn|12\n|\n|t:|1788293020\n|move|p1a: Gholdengo|Trick||[still]\n|-fail|p1a: Gholdengo\n|move|p2a: Ogerpon|Horn Leech|p1a: Gholdengo\n|-resisted|p1a: Gholdengo\n|-damage|p1a: Gholdengo|49/100\n|\n|upkeep\n|turn|13\n|c|\u2606ninathecorg|< oupid\n|\n|t:|1788293048\n|switch|p1a: Cresselia|Cresselia, F|36/100\n|cant|p2a: Ogerpon|par\n|\n|-heal|p1a: Cresselia|42/100|[from] item: Leftovers\n|upkeep\n|turn|14\n|\n|t:|1788293057\n|move|p1a: Cresselia|Moonlight|p1a: Cresselia\n|-heal|p1a: Cresselia|92/100\n|move|p2a: Ogerpon|Swords Dance|p2a: Ogerpon\n|-boost|p2a: Ogerpon|atk|2\n|\n|-heal|p1a: Cresselia|98/100|[from] item: Leftovers\n|upkeep\n|turn|15\n|\n|t:|1788293070\n|move|p1a: Cresselia|Psychic|p2a: Ogerpon\n|-damage|p2a: Ogerpon|74/100 par\n|move|p2a: Ogerpon|Ivy Cudgel|p1a: Cresselia|[anim] Ivy Cudgel Water\n|-damage|p1a: Cresselia|6/100\n|\n|-heal|p1a: Cresselia|12/100|[from] item: Leftovers\n|upkeep\n|turn|16\n|\n|t:|1788293081\n|move|p1a: Cresselia|Moonlight|p1a: Cresselia\n|-heal|p1a: Cresselia|62/100\n|move|p2a: Ogerpon|Horn Leech|p1a: Cresselia\n|-damage|p1a: Cresselia|0 fnt\n|-heal|p2a: Ogerpon|100/100 par|[from] drain|[of] p1a: Cresselia\n|faint|p1a: Cresselia\n|\n|upkeep\n|\n|t:|1788293088\n|switch|p1a: Raging Bolt|Raging Bolt|100/100\n|turn|17\n|\n|t:|1788293093\n|move|p1a: Raging Bolt|Draco Meteor|p2a: Ogerpon\n|-damage|p2a: Ogerpon|0 fnt\n|-unboost|p1a: Raging Bolt|spa|2\n|faint|p2a: Ogerpon\n|\n|upkeep\n|\n|t:|1788293123\n|switch|p2a: Kingambit|Kingambit, F|100/100\n|-activate|p2a: Kingambit|ability: Supreme Overlord\n|-start|p2a: Kingambit|fallen2|[silent]\n|turn|18\n|\n|t:|1788293129\n|-end|p1a: Raging Bolt|Protosynthesis|[silent]\n|switch|p1a: Great Tusk|Great Tusk|100/100\n|move|p2a: Kingambit|Iron Head|p1a: Great Tusk\n|-damage|p1a: Great Tusk|61/100\n|-damage|p2a: Kingambit|84/100|[from] item: Rocky Helmet|[of] p1a: Great Tusk\n|\n|upkeep\n|turn|19\n|\n|t:|1788293141\n|-end|p2a: Kingambit|fallen2|[silent]\n|switch|p2a: Iron Jugulis|Iron Jugulis|100/100\n|-enditem|p2a: Iron Jugulis|Booster Energy\n|-activate|p2a: Iron Jugulis|ability: Quark Drive|[fromitem]\n|-start|p2a: Iron Jugulis|quarkdrivespe\n|move|p1a: Great Tusk|Headlong Rush|p2a: Iron Jugulis\n|-immune|p2a: Iron Jugulis\n|\n|upkeep\n|turn|20\n|\n|t:|1788293166\n|-end|p1a: Great Tusk|Protosynthesis|[silent]\n|switch|p1a: Ting-Lu|Ting-Lu|47/100\n|-ability|p1a: Ting-Lu|Vessel of Ruin\n|move|p2a: Iron Jugulis|Tailwind|p2a: Iron Jugulis\n|-sidestart|p2: JumpedouttheWindow|move: Tailwind\n|\n|-heal|p1a: Ting-Lu|53/100|[from] item: Leftovers\n|upkeep\n|turn|21\n|\n|t:|1788293181\n|-end|p2a: Iron Jugulis|Quark Drive|[silent]\n|switch|p2a: Great Tusk|Great Tusk|100/100\n|move|p1a: Ting-Lu|Ruination|p2a: Great Tusk\n|-damage|p2a: Great Tusk|51/100\n|\n|-heal|p1a: Ting-Lu|60/100|[from] item: Leftovers\n|upkeep\n|turn|22\n|\n|t:|1788293196\n|move|p2a: Great Tusk|Rapid Spin|p1a: Ting-Lu\n|-damage|p1a: Ting-Lu|50/100\n|-boost|p2a: Great Tusk|spe|1\n|move|p1a: Ting-Lu|Stealth Rock|p2a: Great Tusk\n|-sidestart|p2: JumpedouttheWindow|move: Stealth Rock\n|\n|-heal|p1a: Ting-Lu|56/100|[from] item: Leftovers\n|upkeep\n|turn|23\n|\n|t:|1788293211\n|move|p2a: Great Tusk|Close Combat|p1a: Ting-Lu\n|-supereffective|p1a: Ting-Lu\n|-damage|p1a: Ting-Lu|0 fnt\n|-unboost|p2a: Great Tusk|def|1\n|-unboost|p2a: Great Tusk|spd|1\n|faint|p1a: Ting-Lu\n|\n|-sideend|p2: JumpedouttheWindow|move: Tailwind\n|upkeep\n|\n|t:|1788293224\n|switch|p1a: Ogerpon|Ogerpon-Wellspring, F|100/100\n|turn|24\n|\n|t:|1788293234\n|-terastallize|p2a: Great Tusk|Grass\n|move|p2a: Great Tusk|Bulk Up|p2a: Great Tusk\n|-boost|p2a: Great Tusk|atk|1\n|-boost|p2a: Great Tusk|def|1\n|move|p1a: Ogerpon|Ivy Cudgel|p2a: Great Tusk|[anim] Ivy Cudgel Water\n|-resisted|p2a: Great Tusk\n|-damage|p2a: Great Tusk|31/100\n|\n|upkeep\n|turn|25\n|\n|t:|1788293243\n|move|p2a: Great Tusk|Close Combat|p1a: Ogerpon\n|-damage|p1a: Ogerpon|0 fnt\n|-unboost|p2a: Great Tusk|def|1\n|-unboost|p2a: Great Tusk|spd|1\n|faint|p1a: Ogerpon\n|\n|upkeep\n|\n|t:|1788293245\n|switch|p1a: Raging Bolt|Raging Bolt|100/100\n|turn|26\n|\n|t:|1788293258\n|-end|p2a: Great Tusk|Protosynthesis|[silent]\n|switch|p2a: Iron Jugulis|Iron Jugulis|100/100\n|-damage|p2a: Iron Jugulis|76/100|[from] Stealth Rock\n|move|p1a: Raging Bolt|Thunderclap||[still]\n|-fail|p1a: Raging Bolt\n|\n|upkeep\n|turn|27\n|\n|t:|1788293265\n|move|p1a: Raging Bolt|Thunderclap||[still]\n|-fail|p1a: Raging Bolt\n|move|p2a: Iron Jugulis|Tailwind|p2a: Iron Jugulis\n|-sidestart|p2: JumpedouttheWindow|move: Tailwind\n|\n|upkeep\n|turn|28\n|\n|t:|1788293271\n|-end|p2a: Iron Jugulis|Quark Drive|[silent]\n|switch|p2a: Great Tusk|Great Tusk, tera:Grass|31/100\n|-heal|p2a: Great Tusk|100/100|[from] move: Healing Wish\n|-damage|p2a: Great Tusk|88/100|[from] Stealth Rock\n|move|p1a: Raging Bolt|Thunderclap||[still]\n|-fail|p1a: Raging Bolt\n|\n|upkeep\n|turn|29\n|-message|ninathecorg forfeited.\n|\n|win|JumpedouttheWindow\n|raw|ninathecorg's rating: 1422 &rarr; <strong>1405</strong><br />(-17 for losing)\n|raw|JumpedouttheWindow's rating: 1472 &rarr; <strong>1489</strong><br />(+17 for winning)\n|l|\u2606ninathecorg\n|player|p1|\n|l| dialga simp idk\n|l|\u2606JumpedouttheWindow\n|player|p2|\n", "uploadtime": 1788293483, "views": "2", "formatid": "gen9ou", "rating": 1405, "private": 0, "password": null}