{"id": "gen9ou-2673946681", "format": "[Gen 9] OU", "players": ["doney.png", "go b3yond"], "log": "|j|\u2606doney.png\n|j|\u2606go b3yond\n|t:|1788280444\n|gametype|singles\n|player|p1|doney.png|iris-gen5bw2|1480\n|player|p2|go b3yond|waiter-gen4|1560\n|gen|9\n|tier|[Gen 9] OU\n|rated|\n|rule|HP Percentage Mod: HP is shown in percentages\n|rule|Endless Battle Clause: Forcing endless battles is banned\n|rule|Species Clause: Limit one of each Pok\u00e9mon\n|rule|OHKO Clause: OHKO moves are banned\n|rule|Evasion Items Clause: Evasion items are banned\n|rule|Evasion Moves Clause: Evasion moves are banned\n|rule|Evasion Abilities Clause: Evasion abilities are banned\n|rule|Sleep Moves Clause: Sleep-inducing moves are banned\n|clearpoke\n|poke|p1|Pelipper, M|\n|poke|p1|Raging Bolt|\n|poke|p1|Overqwil, M|\n|poke|p1|Barraskewda, F|\n|poke|p1|Iron Treads|\n|poke|p1|Kingambit, F|\n|poke|p2|Vikavolt, M|\n|poke|p2|Iron Valiant|\n|poke|p2|Heatran, M|\n|poke|p2|Meowscarada, M|\n|poke|p2|Great Tusk|\n|poke|p2|Kingambit, F|\n|teampreview\n|inactive|Battle timer is ON: inactive players will automatically lose when time's up. (requested by doney.png)\n|inactive|go b3yond has 120 seconds left.\n|inactive|go b3yond has 90 seconds left.\n|inactive|go b3yond has 60 seconds left.\n|inactive|go b3yond has 30 seconds left.\n|inactive|go b3yond has 20 seconds left.\n|inactive|go b3yond has 15 seconds left.\n|inactive|go b3yond has 10 seconds left.\n|inactive|go b3yond has 5 seconds left.\n|\n|t:|1788280592\n|teamsize|p1|6\n|teamsize|p2|6\n|start\n|switch|p1a: Iron Treads|Iron Treads|100/100\n|switch|p2a: Kiruma|Vikavolt, M, shiny|100/100\n|-enditem|p1a: Iron Treads|Booster Energy\n|-activate|p1a: Iron Treads|ability: Quark Drive|[fromitem]\n|-start|p1a: Iron Treads|quarkdrivespe\n|turn|1\n|\n|t:|1788280597\n|move|p1a: Iron Treads|Stealth Rock|p2a: Kiruma\n|-sidestart|p2: go b3yond|move: Stealth Rock\n|move|p2a: Kiruma|Energy Ball|p1a: Iron Treads\n|-damage|p1a: Iron Treads|27/100\n|\n|upkeep\n|turn|2\n|\n|t:|1788280603\n|switch|p2a: Duke Long|Great Tusk, shiny|100/100\n|-damage|p2a: Duke Long|98/100|[from] Stealth Rock\n|move|p1a: Iron Treads|Rapid Spin|p2a: Duke Long\n|-damage|p2a: Duke Long|90/100\n|-boost|p1a: Iron Treads|spe|1\n|-damage|p1a: Iron Treads|10/100|[from] item: Rocky Helmet|[of] p2a: Duke Long\n|\n|upkeep\n|turn|3\n|\n|t:|1788280610\n|-terastallize|p1a: Iron Treads|Ghost\n|move|p1a: Iron Treads|Steel Beam|p2a: Duke Long|[miss]\n|-miss|p1a: Iron Treads|p2a: Duke Long\n|-damage|p1a: Iron Treads|0 fnt|[from] steelbeam\n|faint|p1a: Iron Treads\n|-end|p1a: Iron Treads|Quark Drive|[silent]\n|move|p2a: Duke Long|Rapid Spin|p1: Iron Treads|[notarget]\n|-fail|p2a: Duke Long\n|\n|upkeep\n|c|\u2606doney.png|what the heck\n|\n|t:|1788280630\n|switch|p1a: Barraskewda|Barraskewda, F|100/100\n|turn|4\n|\n|t:|1788280639\n|-terastallize|p2a: Duke Long|Steel\n|move|p1a: Barraskewda|Liquidation|p2a: Duke Long\n|-damage|p2a: Duke Long|39/100\n|-damage|p1a: Barraskewda|84/100|[from] item: Rocky Helmet|[of] p2a: Duke Long\n|move|p2a: Duke Long|Rapid Spin|p1a: Barraskewda\n|-damage|p1a: Barraskewda|49/100\n|-boost|p2a: Duke Long|spe|1\n|-sideend|p2: go b3yond|Stealth Rock|[from] move: Rapid Spin|[of] p2a: Duke Long\n|\n|upkeep\n|turn|5\n|\n|t:|1788280651\n|switch|p1a: Pelipper|Pelipper, M|100/100\n|-weather|RainDance|[from] ability: Drizzle|[of] p1a: Pelipper\n|move|p2a: Duke Long|Close Combat|p1a: Pelipper\n|-resisted|p1a: Pelipper\n|-damage|p1a: Pelipper|78/100\n|-unboost|p2a: Duke Long|def|1\n|-unboost|p2a: Duke Long|spd|1\n|\n|-weather|RainDance|[upkeep]\n|upkeep\n|turn|6\n|\n|t:|1788280659\n|move|p2a: Duke Long|Stone Edge|p1a: Pelipper\n|-supereffective|p1a: Pelipper\n|-damage|p1a: Pelipper|24/100\n|move|p1a: Pelipper|Hurricane|p2a: Duke Long\n|-resisted|p2a: Duke Long\n|-damage|p2a: Duke Long|0 fnt\n|faint|p2a: Duke Long\n|-end|p2a: Duke Long|Protosynthesis|[silent]\n|\n|-weather|RainDance|[upkeep]\n|upkeep\n|\n|t:|1788280665\n|switch|p2a: Kiruma|Vikavolt, M, shiny|100/100\n|turn|7\n|\n|t:|1788280670\n|switch|p1a: Raging Bolt|Raging Bolt|100/100\n|-enditem|p1a: Raging Bolt|Booster Energy\n|-activate|p1a: Raging Bolt|ability: Protosynthesis|[fromitem]\n|-start|p1a: Raging Bolt|protosynthesisspa\n|move|p2a: Kiruma|Volt Switch|p1a: Raging Bolt\n|-resisted|p1a: Raging Bolt\n|-damage|p1a: Raging Bolt|85/100\n|\n|t:|1788280674\n|switch|p2a: Rum|Iron Valiant, shiny|100/100|[from] Volt Switch\n|-enditem|p2a: Rum|Booster Energy\n|-activate|p2a: Rum|ability: Quark Drive|[fromitem]\n|-start|p2a: Rum|quarkdrivespe\n|\n|-weather|RainDance|[upkeep]\n|upkeep\n|turn|8\n|\n|t:|1788280681\n|move|p1a: Raging Bolt|Thunderclap|p2a: Rum\n|-damage|p2a: Rum|0 fnt\n|faint|p2a: Rum\n|-end|p2a: Rum|Quark Drive|[silent]\n|\n|-weather|RainDance|[upkeep]\n|upkeep\n|\n|t:|1788280686\n|switch|p2a: Kiruma|Vikavolt, M, shiny|100/100\n|turn|9\n|\n|t:|1788280690\n|move|p1a: Raging Bolt|Weather Ball|p2a: Kiruma\n|-damage|p2a: Kiruma|13/100\n|move|p2a: Kiruma|Bug Buzz|p1a: Raging Bolt\n|-damage|p1a: Raging Bolt|14/100\n|\n|-weather|RainDance|[upkeep]\n|upkeep\n|turn|10\n|\n|t:|1788280695\n|move|p1a: Raging Bolt|Thunder|p2a: Kiruma\n|-resisted|p2a: Kiruma\n|-damage|p2a: Kiruma|0 fnt\n|faint|p2a: Kiruma\n|\n|-weather|RainDance|[upkeep]\n|upkeep\n|\n|t:|1788280697\n|switch|p2a: Funny Valentine|Meowscarada, M, shiny|100/100\n|turn|11\n|\n|t:|1788280699\n|move|p1a: Raging Bolt|Thunderclap|p2a: Funny Valentine\n|-resisted|p2a: Funny Valentine\n|-damage|p2a: Funny Valentine|56/100\n|move|p2a: Funny Valentine|U-turn|p1a: Raging Bolt\n|-start|p2a: Funny Valentine|typechange|Bug|[from] ability: Protean\n|-damage|p1a: Raging Bolt|0 fnt\n|faint|p1a: Raging Bolt\n|-end|p1a: Raging Bolt|Protosynthesis|[silent]\n|\n|t:|1788280702\n|switch|p2a: Inspector Tsukumo|Heatran, M, shiny|100/100|[from] U-turn\n|\n|-weather|RainDance|[upkeep]\n|upkeep\n|\n|t:|1788280708\n|switch|p1a: Overqwil|Overqwil, M|100/100\n|turn|12\n|\n|t:|1788280713\n|move|p1a: Overqwil|Liquidation|p2a: Inspector Tsukumo\n|-supereffective|p2a: Inspector Tsukumo\n|-damage|p2a: Inspector Tsukumo|0 fnt\n|faint|p2a: Inspector Tsukumo\n|-damage|p1a: Overqwil|91/100|[from] item: Life Orb\n|\n|-weather|none\n|upkeep\n|\n|t:|1788280716\n|switch|p2a: Funny Valentine|Meowscarada, M, shiny|56/100\n|turn|13\n|\n|t:|1788280720\n|switch|p1a: Pelipper|Pelipper, M|24/100\n|-weather|RainDance|[from] ability: Drizzle|[of] p1a: Pelipper\n|move|p2a: Funny Valentine|Triple Axel|p1a: Pelipper\n|-start|p2a: Funny Valentine|typechange|Ice|[from] ability: Protean\n|-damage|p1a: Pelipper|17/100\n|-damage|p1a: Pelipper|3/100\n|-damage|p1a: Pelipper|0 fnt\n|faint|p1a: Pelipper\n|-hitcount|p1: Pelipper|3\n|\n|-weather|RainDance|[upkeep]\n|upkeep\n|\n|t:|1788280723\n|switch|p1a: Barraskewda|Barraskewda, F|49/100\n|turn|14\n|\n|t:|1788280726\n|move|p1a: Barraskewda|Close Combat|p2a: Funny Valentine\n|-supereffective|p2a: Funny Valentine\n|-damage|p2a: Funny Valentine|0 fnt\n|-unboost|p1a: Barraskewda|def|1\n|-unboost|p1a: Barraskewda|spd|1\n|faint|p2a: Funny Valentine\n|\n|-weather|RainDance|[upkeep]\n|upkeep\n|\n|t:|1788280729\n|switch|p2a: L|Kingambit, F, shiny|100/100\n|-activate|p2a: L|ability: Supreme Overlord\n|-start|p2a: L|fallen5|[silent]\n|-item|p2a: L|Air Balloon\n|turn|15\n|\n|t:|1788280731\n|move|p2a: L|Sucker Punch|p1a: Barraskewda\n|-damage|p1a: Barraskewda|0 fnt\n|faint|p1a: Barraskewda\n|\n|-weather|RainDance|[upkeep]\n|upkeep\n|\n|t:|1788280734\n|switch|p1a: Overqwil|Overqwil, M|91/100\n|turn|16\n|\n|t:|1788280740\n|move|p1a: Overqwil|Swords Dance|p1a: Overqwil\n|-boost|p1a: Overqwil|atk|2\n|move|p2a: L|Swords Dance|p2a: L\n|-boost|p2a: L|atk|2\n|\n|-weather|RainDance|[upkeep]\n|upkeep\n|turn|17\n|\n|t:|1788280744\n|move|p1a: Overqwil|Liquidation|p2a: L\n|-damage|p2a: L|7/100\n|-unboost|p2a: L|def|1\n|-enditem|p2a: L|Air Balloon\n|-damage|p1a: Overqwil|81/100|[from] item: Life Orb\n|move|p2a: L|Iron Head|p1a: Overqwil\n|-damage|p1a: Overqwil|0 fnt\n|faint|p1a: Overqwil\n|\n|-weather|RainDance|[upkeep]\n|upkeep\n|\n|t:|1788280747\n|switch|p1a: Kingambit|Kingambit, F|100/100\n|-activate|p1a: Kingambit|ability: Supreme Overlord\n|-start|p1a: Kingambit|fallen5|[silent]\n|turn|18\n|\n|t:|1788280750\n|move|p2a: L|Iron Head|p1a: Kingambit\n|-resisted|p1a: Kingambit\n|-damage|p1a: Kingambit|48/100\n|move|p1a: Kingambit|Kowtow Cleave|p2a: L\n|-resisted|p2a: L\n|-damage|p2a: L|0 fnt\n|faint|p2a: L\n|-end|p2a: L|fallen5|[silent]\n|\n|win|doney.png\n|raw|doney.png's rating: 1480 &rarr; <strong>1505</strong><br />(+25 for winning)\n|raw|go b3yond's rating: 1560 &rarr; <strong>1535</strong><br />(-25 for losing)\n|l|\u2606go b3yond\n|player|p2|\n", "uploadtime": 1788280759, "views": "0", "formatid": "gen9ou", "rating": 1505, "private": 0, "password": null}