{"id": "gen9ou-2673929362", "format": "[Gen 9] OU", "players": ["Syushi", "sirlsalot"], "log": "|j|\u2606Syushi\n|j|\u2606sirlsalot\n|t:|1788278337\n|gametype|singles\n|player|p1|Syushi|jogger|1633\n|player|p2|sirlsalot|169|1633\n|gen|9\n|tier|[Gen 9] OU\n|rated|\n|rule|HP Percentage Mod: HP is shown in percentages\n|rule|Endless Battle Clause: Forcing endless battles is banned\n|rule|Species Clause: Limit one of each Pok\u00e9mon\n|rule|OHKO Clause: OHKO moves are banned\n|rule|Evasion Items Clause: Evasion items are banned\n|rule|Evasion Moves Clause: Evasion moves are banned\n|rule|Evasion Abilities Clause: Evasion abilities are banned\n|rule|Sleep Moves Clause: Sleep-inducing moves are banned\n|clearpoke\n|poke|p1|Darkrai|\n|poke|p1|Corviknight, M|\n|poke|p1|Landorus-Therian, M|\n|poke|p1|Primarina, F|\n|poke|p1|Ogerpon-Cornerstone, F|\n|poke|p1|Raging Bolt|\n|poke|p2|Kyurem|\n|poke|p2|Great Tusk|\n|poke|p2|Landorus-Therian, M|\n|poke|p2|Kingambit, M|\n|poke|p2|Slowking-Galar, M|\n|poke|p2|Primarina, M|\n|teampreview\n|inactive|Battle timer is ON: inactive players will automatically lose when time's up. (requested by sirlsalot)\n|\n|t:|1788278356\n|teamsize|p1|6\n|teamsize|p2|6\n|start\n|switch|p1a: Primarina|Primarina, F|100/100\n|switch|p2a: Enten|Landorus-Therian, M, shiny|100/100\n|-ability|p2a: Enten|Intimidate|boost\n|-unboost|p1a: Primarina|atk|1\n|turn|1\n|\n|t:|1788278361\n|move|p2a: Enten|U-turn|p1a: Primarina\n|-resisted|p1a: Primarina\n|-damage|p1a: Primarina|85/100\n|\n|t:|1788278364\n|switch|p2a: Mantra|Slowking-Galar, M, shiny|100/100|[from] U-turn\n|move|p1a: Primarina|Surf|p2a: Mantra\n|-damage|p2a: Mantra|73/100\n|\n|upkeep\n|turn|2\n|\n|t:|1788278373\n|move|p1a: Primarina|Flip Turn|p2a: Mantra\n|-damage|p2a: Mantra|65/100\n|\n|t:|1788278382\n|switch|p1a: Darkrai|Darkrai|100/100|[from] Flip Turn\n|move|p2a: Mantra|Ice Beam|p1a: Darkrai\n|-damage|p1a: Darkrai|73/100\n|\n|upkeep\n|turn|3\n|\n|t:|1788278388\n|switch|p2a: Kyotaro|Kyurem, shiny|100/100\n|-ability|p2a: Kyotaro|Pressure\n|move|p1a: Darkrai|Dark Pulse|p2a: Kyotaro\n|-damage|p2a: Kyotaro|63/100\n|\n|upkeep\n|turn|4\n|\n|t:|1788278398\n|move|p1a: Darkrai|Dark Pulse|p2a: Kyotaro\n|-damage|p2a: Kyotaro|22/100\n|move|p2a: Kyotaro|Ice Beam|p1a: Darkrai\n|-damage|p1a: Darkrai|18/100\n|\n|upkeep\n|turn|5\n|\n|t:|1788278405\n|move|p1a: Darkrai|Dark Pulse|p2a: Kyotaro\n|-crit|p2a: Kyotaro\n|-damage|p2a: Kyotaro|0 fnt\n|faint|p2a: Kyotaro\n|\n|upkeep\n|\n|t:|1788278407\n|switch|p2a: Enten|Landorus-Therian, M, shiny|100/100\n|-ability|p2a: Enten|Intimidate|boost\n|-unboost|p1a: Darkrai|atk|1\n|turn|6\n|\n|t:|1788278410\n|switch|p1a: Corviknight|Corviknight, M|100/100\n|-ability|p1a: Corviknight|Pressure\n|move|p2a: Enten|U-turn|p1a: Corviknight\n|-resisted|p1a: Corviknight\n|-damage|p1a: Corviknight|97/100\n|-damage|p2a: Enten|84/100|[from] item: Rocky Helmet|[of] p1a: Corviknight\n|\n|t:|1788278425\n|switch|p2a: Celestine|Primarina, M, shiny|100/100|[from] U-turn\n|\n|upkeep\n|turn|7\n|\n|t:|1788278427\n|move|p2a: Celestine|Substitute|p2a: Celestine\n|-start|p2a: Celestine|Substitute\n|-damage|p2a: Celestine|76/100\n|move|p1a: Corviknight|U-turn|p2a: Celestine\n|-resisted|p2a: Celestine\n|-crit|p2a: Celestine\n|-activate|p2a: Celestine|move: Substitute|[damage]\n|\n|t:|1788278435\n|switch|p1a: Primarina|Primarina, F|85/100|[from] U-turn\n|\n|-heal|p2a: Celestine|82/100|[from] item: Leftovers\n|upkeep\n|turn|8\n|\n|t:|1788278439\n|move|p2a: Celestine|Moonblast|p1a: Primarina\n|-damage|p1a: Primarina|59/100\n|move|p1a: Primarina|Psychic Noise|p2a: Celestine\n|-damage|p2a: Celestine|55/100\n|-start|p2a: Celestine|move: Heal Block\n|\n|upkeep\n|turn|9\n|\n|t:|1788278447\n|switch|p2a: Mantra|Slowking-Galar, M, shiny|98/100\n|move|p1a: Primarina|Moonblast|p2a: Mantra\n|-resisted|p2a: Mantra\n|-damage|p2a: Mantra|85/100\n|\n|upkeep\n|turn|10\n|\n|t:|1788278453\n|move|p1a: Primarina|Flip Turn|p2a: Mantra\n|-damage|p2a: Mantra|74/100\n|\n|t:|1788278455\n|switch|p1a: Corviknight|Corviknight, M|97/100|[from] Flip Turn\n|-ability|p1a: Corviknight|Pressure\n|move|p2a: Mantra|Flamethrower|p1a: Corviknight\n|-supereffective|p1a: Corviknight\n|-damage|p1a: Corviknight|57/100\n|\n|upkeep\n|turn|11\n|\n|t:|1788278464\n|move|p1a: Corviknight|Roost|p1a: Corviknight\n|-heal|p1a: Corviknight|100/100\n|-singleturn|p1a: Corviknight|move: Roost\n|move|p2a: Mantra|Flamethrower|p1a: Corviknight\n|-supereffective|p1a: Corviknight\n|-damage|p1a: Corviknight|58/100\n|\n|upkeep\n|turn|12\n|\n|t:|1788278468\n|move|p1a: Corviknight|U-turn|p2a: Mantra\n|-damage|p2a: Mantra|64/100\n|\n|t:|1788278469\n|switch|p1a: Primarina|Primarina, F|59/100|[from] U-turn\n|move|p2a: Mantra|Flamethrower|p1a: Primarina\n|-resisted|p1a: Primarina\n|-damage|p1a: Primarina|53/100\n|-status|p1a: Primarina|brn\n|\n|-damage|p1a: Primarina|47/100 brn|[from] brn\n|upkeep\n|turn|13\n|\n|t:|1788278476\n|move|p1a: Primarina|Surf|p2a: Mantra\n|-damage|p2a: Mantra|38/100\n|move|p2a: Mantra|Psychic Noise|p1a: Primarina\n|-damage|p1a: Primarina|32/100 brn\n|-start|p1a: Primarina|move: Heal Block\n|\n|-damage|p1a: Primarina|26/100 brn|[from] brn\n|upkeep\n|turn|14\n|\n|t:|1788278480\n|move|p1a: Primarina|Surf|p2a: Mantra\n|-damage|p2a: Mantra|2/100\n|move|p2a: Mantra|Sludge Bomb|p1a: Primarina\n|-supereffective|p1a: Primarina\n|-crit|p1a: Primarina\n|-damage|p1a: Primarina|0 fnt\n|faint|p1a: Primarina\n|\n|upkeep\n|\n|t:|1788278488\n|switch|p1a: Ogerpon|Ogerpon-Cornerstone, F|100/100\n|turn|15\n|\n|t:|1788278493\n|switch|p2a: Enten|Landorus-Therian, M, shiny|84/100\n|-ability|p2a: Enten|Intimidate|boost\n|-unboost|p1a: Ogerpon|atk|1\n|move|p1a: Ogerpon|Ivy Cudgel|p2a: Enten|[anim] Ivy Cudgel Rock\n|-damage|p2a: Enten|35/100\n|\n|upkeep\n|turn|16\n|\n|t:|1788278498\n|move|p2a: Enten|U-turn|p1a: Ogerpon\n|-supereffective|p1a: Ogerpon\n|-damage|p1a: Ogerpon|32/100\n|\n|t:|1788278500\n|switch|p2a: Overgod|Kingambit, M, shiny|100/100|[from] U-turn\n|-activate|p2a: Overgod|ability: Supreme Overlord\n|-start|p2a: Overgod|fallen1|[silent]\n|move|p1a: Ogerpon|Ivy Cudgel|p2a: Overgod|[anim] Ivy Cudgel Rock\n|-resisted|p2a: Overgod\n|-damage|p2a: Overgod|86/100\n|\n|-heal|p2a: Overgod|92/100|[from] item: Leftovers\n|upkeep\n|turn|17\n|\n|t:|1788278512\n|-end|p2a: Overgod|fallen1|[silent]\n|switch|p2a: Behemoth|Great Tusk, shiny|100/100\n|move|p1a: Ogerpon|Low Kick|p2a: Behemoth\n|-crit|p2a: Behemoth\n|-damage|p2a: Behemoth|46/100\n|\n|upkeep\n|turn|18\n|\n|t:|1788278518\n|switch|p1a: Corviknight|Corviknight, M|58/100\n|-ability|p1a: Corviknight|Pressure\n|-end|p2a: Behemoth|Protosynthesis|[silent]\n|switch|p2a: Enten|Landorus-Therian, M, shiny|35/100\n|-ability|p2a: Enten|Intimidate|boost\n|-unboost|p1a: Corviknight|atk|1\n|\n|upkeep\n|turn|19\n|\n|t:|1788278524\n|switch|p2a: Mantra|Slowking-Galar, M, shiny|35/100\n|move|p1a: Corviknight|U-turn|p2a: Mantra\n|-damage|p2a: Mantra|28/100\n|\n|t:|1788278528\n|switch|p1a: Ogerpon|Ogerpon-Cornerstone, F|32/100|[from] U-turn\n|\n|upkeep\n|turn|20\n|\n|t:|1788278536\n|move|p1a: Ogerpon|Ivy Cudgel|p2a: Mantra|[anim] Ivy Cudgel Rock\n|-damage|p2a: Mantra|0 fnt\n|faint|p2a: Mantra\n|\n|upkeep\n|\n|t:|1788278539\n|switch|p2a: Enten|Landorus-Therian, M, shiny|35/100\n|-ability|p2a: Enten|Intimidate|boost\n|-unboost|p1a: Ogerpon|atk|1\n|turn|21\n|\n|t:|1788278542\n|switch|p1a: Corviknight|Corviknight, M|58/100\n|-ability|p1a: Corviknight|Pressure\n|move|p2a: Enten|U-turn|p1a: Corviknight\n|-resisted|p1a: Corviknight\n|-damage|p1a: Corviknight|54/100\n|-damage|p2a: Enten|18/100|[from] item: Rocky Helmet|[of] p1a: Corviknight\n|\n|t:|1788278546\n|switch|p2a: Celestine|Primarina, M, shiny|55/100|[from] U-turn\n|\n|-heal|p2a: Celestine|61/100|[from] item: Leftovers\n|upkeep\n|turn|22\n|\n|t:|1788278552\n|move|p2a: Celestine|Psychic Noise|p1a: Corviknight\n|-damage|p1a: Corviknight|11/100\n|-start|p1a: Corviknight|move: Heal Block\n|move|p1a: Corviknight|Brave Bird|p2a: Celestine\n|-damage|p2a: Celestine|9/100\n|-damage|p1a: Corviknight|0 fnt|[from] Recoil\n|faint|p1a: Corviknight\n|\n|-heal|p2a: Celestine|15/100|[from] item: Leftovers\n|upkeep\n|\n|t:|1788278554\n|switch|p1a: Ogerpon|Ogerpon-Cornerstone, F|32/100\n|turn|23\n|\n|t:|1788278566\n|move|p1a: Ogerpon|Horn Leech|p2a: Celestine\n|-supereffective|p2a: Celestine\n|-damage|p2a: Celestine|0 fnt\n|-heal|p1a: Ogerpon|39/100|[from] drain|[of] p2a: Celestine\n|faint|p2a: Celestine\n|\n|upkeep\n|\n|t:|1788278568\n|switch|p2a: Enten|Landorus-Therian, M, shiny|18/100\n|-ability|p2a: Enten|Intimidate|boost\n|-unboost|p1a: Ogerpon|atk|1\n|turn|24\n|\n|t:|1788278571\n|switch|p1a: Landorus|Landorus-Therian, M|100/100\n|-ability|p1a: Landorus|Intimidate|boost\n|-unboost|p2a: Enten|atk|1\n|move|p2a: Enten|U-turn|p1a: Landorus\n|-resisted|p1a: Landorus\n|-damage|p1a: Landorus|90/100\n|\n|t:|1788278574\n|switch|p2a: Behemoth|Great Tusk, shiny|46/100|[from] U-turn\n|\n|upkeep\n|turn|25\n|\n|t:|1788278580\n|move|p1a: Landorus|Earthquake|p2a: Behemoth\n|-damage|p2a: Behemoth|0 fnt\n|faint|p2a: Behemoth\n|-end|p2a: Behemoth|Protosynthesis|[silent]\n|\n|upkeep\n|\n|t:|1788278585\n|switch|p2a: Overgod|Kingambit, M, shiny|92/100\n|-activate|p2a: Overgod|ability: Supreme Overlord\n|-start|p2a: Overgod|fallen4|[silent]\n|turn|26\n|\n|t:|1788278591\n|-terastallize|p2a: Overgod|Ground\n|move|p1a: Landorus|U-turn|p2a: Overgod\n|-damage|p2a: Overgod|74/100\n|\n|t:|1788278596\n|switch|p1a: Darkrai|Darkrai|18/100|[from] U-turn\n|move|p2a: Overgod|Swords Dance|p2a: Overgod\n|-boost|p2a: Overgod|atk|2\n|\n|-heal|p2a: Overgod|80/100|[from] item: Leftovers\n|upkeep\n|turn|27\n|\n|t:|1788278600\n|move|p2a: Overgod|Sucker Punch||[still]\n|-fail|p2a: Overgod\n|move|p1a: Darkrai|Trick|p2a: Overgod\n|-activate|p1a: Darkrai|move: Trick|[of] p2a: Overgod\n|-item|p2a: Overgod|Choice Specs|[from] move: Trick\n|-item|p1a: Darkrai|Leftovers|[from] move: Trick\n|\n|-heal|p1a: Darkrai|24/100|[from] item: Leftovers\n|upkeep\n|turn|28\n|\n|t:|1788278609\n|switch|p1a: Landorus|Landorus-Therian, M|90/100\n|-ability|p1a: Landorus|Intimidate|boost\n|-unboost|p2a: Overgod|atk|1\n|move|p2a: Overgod|Sucker Punch||[still]\n|-fail|p2a: Overgod\n|\n|upkeep\n|turn|29\n|-message|sirlsalot forfeited.\n|\n|win|Syushi\n|raw|Syushi's rating: 1633 &rarr; <strong>1653</strong><br />(+20 for winning)\n|raw|sirlsalot's rating: 1633 &rarr; <strong>1613</strong><br />(-20 for losing)\n|l|\u2606sirlsalot\n|player|p2|\n", "uploadtime": 1788278620, "views": "5", "formatid": "gen9ou", "rating": 1613, "private": 0, "password": null}