{"id": "gen9ou-2673917759", "format": "[Gen 9] OU", "players": ["itsjacie", "kangarooteam1"], "log": "|j|\u2606itsjacie\n|j|\u2606kangarooteam1\n|t:|1788276940\n|gametype|singles\n|player|p1|itsjacie|caitlin|1536\n|player|p2|kangarooteam1|1|1677\n|gen|9\n|tier|[Gen 9] OU\n|rated|\n|rule|HP Percentage Mod: HP is shown in percentages\n|rule|Endless Battle Clause: Forcing endless battles is banned\n|rule|Species Clause: Limit one of each Pok\u00e9mon\n|rule|OHKO Clause: OHKO moves are banned\n|rule|Evasion Items Clause: Evasion items are banned\n|rule|Evasion Moves Clause: Evasion moves are banned\n|rule|Evasion Abilities Clause: Evasion abilities are banned\n|rule|Sleep Moves Clause: Sleep-inducing moves are banned\n|clearpoke\n|poke|p1|Ninetales-Alola, M|\n|poke|p1|Gliscor, F|\n|poke|p1|Great Tusk|\n|poke|p1|Kommo-o, M|\n|poke|p1|Iron Moth|\n|poke|p1|Samurott-Hisui, M|\n|poke|p2|Great Tusk|\n|poke|p2|Gholdengo|\n|poke|p2|Raging Bolt|\n|poke|p2|Iron Valiant|\n|poke|p2|Ogerpon-Wellspring, F|\n|poke|p2|Kingambit, F|\n|teampreview\n|inactive|Battle timer is ON: inactive players will automatically lose when time's up. (requested by itsjacie)\n|inactive|kangarooteam1 also wants the timer to be on.\n|\n|t:|1788276960\n|teamsize|p1|6\n|teamsize|p2|6\n|start\n|switch|p1a: kommowo|Kommo-o, M|100/100\n|switch|p2a: Kingambit|Kingambit, F|100/100\n|turn|1\n|\n|t:|1788276966\n|move|p1a: kommowo|Clangorous Soul|p1a: kommowo\n|-boost|p1a: kommowo|atk|1\n|-boost|p1a: kommowo|def|1\n|-boost|p1a: kommowo|spa|1\n|-boost|p1a: kommowo|spd|1\n|-boost|p1a: kommowo|spe|1\n|-damage|p1a: kommowo|68/100\n|move|p2a: Kingambit|Swords Dance|p2a: Kingambit\n|-boost|p2a: Kingambit|atk|2\n|\n|upkeep\n|turn|2\n|j| logz_7xvx\n|\n|t:|1788276972\n|move|p1a: kommowo|Flamethrower|p2a: Kingambit\n|-supereffective|p2a: Kingambit\n|-damage|p2a: Kingambit|18/100\n|move|p2a: Kingambit|Iron Head|p1a: kommowo\n|-damage|p1a: kommowo|6/100\n|\n|-heal|p2a: Kingambit|24/100|[from] item: Leftovers\n|upkeep\n|turn|3\n|\n|t:|1788276980\n|move|p2a: Kingambit|Sucker Punch||[still]\n|-fail|p2a: Kingambit\n|move|p1a: kommowo|Rest|p1a: kommowo\n|-status|p1a: kommowo|slp|[from] move: Rest\n|-heal|p1a: kommowo|100/100 slp|[silent]\n|-enditem|p1a: kommowo|Chesto Berry|[eat]\n|-curestatus|p1a: kommowo|slp|[msg]\n|\n|-heal|p2a: Kingambit|30/100|[from] item: Leftovers\n|upkeep\n|turn|4\n|\n|t:|1788276984\n|-end|p2a: Kingambit|fallenundefined|[silent]\n|switch|p2a: Raging Bolt|Raging Bolt|100/100\n|move|p1a: kommowo|Flamethrower|p2a: Raging Bolt\n|-resisted|p2a: Raging Bolt\n|-damage|p2a: Raging Bolt|85/100\n|\n|-heal|p2a: Raging Bolt|92/100|[from] item: Leftovers\n|upkeep\n|turn|5\n|\n|t:|1788276990\n|move|p1a: kommowo|Clanging Scales|p2a: Raging Bolt\n|-supereffective|p2a: Raging Bolt\n|-damage|p2a: Raging Bolt|0 fnt\n|faint|p2a: Raging Bolt\n|-end|p2a: Raging Bolt|Protosynthesis|[silent]\n|-unboost|p1a: kommowo|def|1\n|\n|upkeep\n|\n|t:|1788276990\n|switch|p2a: Iron Valiant|Iron Valiant|100/100\n|-enditem|p2a: Iron Valiant|Booster Energy\n|-activate|p2a: Iron Valiant|ability: Quark Drive|[fromitem]\n|-start|p2a: Iron Valiant|quarkdrivespe\n|turn|6\n|inactive|itsjacie has 120 seconds left.\n|\n|t:|1788277022\n|switch|p1a: i miss my wife|Ninetales-Alola, M|100/100\n|-weather|Snowscape|[from] ability: Snow Warning|[of] p1a: i miss my wife\n|move|p2a: Iron Valiant|Moonblast|p1a: i miss my wife\n|-damage|p1a: i miss my wife|56/100\n|\n|-weather|Snowscape|[upkeep]\n|upkeep\n|turn|7\n|\n|t:|1788277024\n|-terastallize|p2a: Iron Valiant|Fairy\n|move|p2a: Iron Valiant|Moonblast|p1a: i miss my wife\n|-damage|p1a: i miss my wife|0 fnt\n|faint|p1a: i miss my wife\n|\n|-weather|Snowscape|[upkeep]\n|upkeep\n|\n|t:|1788277031\n|switch|p1a: temu chi-yu|Iron Moth|100/100\n|-enditem|p1a: temu chi-yu|Booster Energy\n|-activate|p1a: temu chi-yu|ability: Quark Drive|[fromitem]\n|-start|p1a: temu chi-yu|quarkdrivespe\n|turn|8\n|\n|t:|1788277037\n|move|p2a: Iron Valiant|Thunderbolt|p1a: temu chi-yu\n|-crit|p1a: temu chi-yu\n|-damage|p1a: temu chi-yu|54/100\n|-status|p1a: temu chi-yu|par\n|cant|p1a: temu chi-yu|par\n|\n|-weather|Snowscape|[upkeep]\n|upkeep\n|turn|9\n|c|\u2606itsjacie|AAAAAAAA\n|\n|t:|1788277052\n|-end|p2a: Iron Valiant|Quark Drive|[silent]\n|switch|p2a: Kingambit|Kingambit, F|30/100\n|-activate|p2a: Kingambit|ability: Supreme Overlord\n|-start|p2a: Kingambit|fallen1|[silent]\n|move|p1a: temu chi-yu|Sludge Wave|p2a: Kingambit\n|-immune|p2a: Kingambit\n|\n|-weather|Snowscape|[upkeep]\n|-heal|p2a: Kingambit|36/100|[from] item: Leftovers\n|upkeep\n|turn|10\n|\n|t:|1788277053\n|move|p2a: Kingambit|Sucker Punch|p1a: temu chi-yu\n|-damage|p1a: temu chi-yu|0 fnt\n|faint|p1a: temu chi-yu\n|-end|p1a: temu chi-yu|Quark Drive|[silent]\n|\n|-weather|none\n|-heal|p2a: Kingambit|43/100|[from] item: Leftovers\n|upkeep\n|\n|t:|1788277063\n|switch|p1a: kommowo|Kommo-o, M|100/100\n|turn|11\n|\n|t:|1788277069\n|move|p1a: kommowo|Clangorous Soul|p1a: kommowo\n|-boost|p1a: kommowo|atk|1\n|-boost|p1a: kommowo|def|1\n|-boost|p1a: kommowo|spa|1\n|-boost|p1a: kommowo|spd|1\n|-boost|p1a: kommowo|spe|1\n|-damage|p1a: kommowo|68/100\n|move|p2a: Kingambit|Iron Head|p1a: kommowo\n|-damage|p1a: kommowo|33/100\n|\n|-heal|p2a: Kingambit|49/100|[from] item: Leftovers\n|upkeep\n|turn|12\n|\n|t:|1788277070\n|move|p1a: kommowo|Flamethrower|p2a: Kingambit\n|-supereffective|p2a: Kingambit\n|-damage|p2a: Kingambit|0 fnt\n|faint|p2a: Kingambit\n|-end|p2a: Kingambit|fallen1|[silent]\n|\n|upkeep\n|\n|t:|1788277071\n|switch|p2a: Iron Valiant|Iron Valiant, tera:Fairy|100/100\n|turn|13\n|\n|t:|1788277083\n|move|p1a: kommowo|Flamethrower|p2a: Iron Valiant\n|-crit|p2a: Iron Valiant\n|-damage|p2a: Iron Valiant|4/100\n|move|p2a: Iron Valiant|Moonblast|p1a: kommowo\n|-supereffective|p1a: kommowo\n|-damage|p1a: kommowo|0 fnt\n|faint|p1a: kommowo\n|\n|upkeep\n|\n|t:|1788277093\n|switch|p1a: samwise|Samurott-Hisui, M|100/100\n|turn|14\n|\n|t:|1788277103\n|move|p1a: samwise|Sucker Punch|p2a: Iron Valiant\n|-resisted|p2a: Iron Valiant\n|-crit|p2a: Iron Valiant\n|-damage|p2a: Iron Valiant|0 fnt\n|faint|p2a: Iron Valiant\n|-end|p2a: Iron Valiant|Quark Drive|[silent]\n|\n|upkeep\n|\n|t:|1788277104\n|switch|p2a: Ogerpon|Ogerpon-Wellspring, F|100/100\n|turn|15\n|\n|t:|1788277111\n|move|p2a: Ogerpon|Horn Leech|p1a: samwise\n|-supereffective|p1a: samwise\n|-damage|p1a: samwise|0 fnt\n|faint|p1a: samwise\n|\n|upkeep\n|\n|t:|1788277114\n|switch|p1a: (tell me gly?)|Gliscor, F|100/100\n|turn|16\n|\n|t:|1788277119\n|-terastallize|p1a: (tell me gly?)|Normal\n|move|p2a: Ogerpon|Ivy Cudgel|p1a: (tell me gly?)|[anim] Ivy Cudgel Water\n|-damage|p1a: (tell me gly?)|50/100\n|move|p1a: (tell me gly?)|Agility|p1a: (tell me gly?)\n|-boost|p1a: (tell me gly?)|spe|2\n|\n|-status|p1a: (tell me gly?)|tox|[from] item: Toxic Orb\n|upkeep\n|turn|17\n|\n|t:|1788277124\n|move|p1a: (tell me gly?)|Swords Dance|p1a: (tell me gly?)\n|-boost|p1a: (tell me gly?)|atk|2\n|move|p2a: Ogerpon|Ivy Cudgel|p1a: (tell me gly?)|[anim] Ivy Cudgel Water\n|-damage|p1a: (tell me gly?)|0 fnt\n|faint|p1a: (tell me gly?)\n|\n|upkeep\n|-message|itsjacie forfeited.\n|\n|win|kangarooteam1\n|raw|itsjacie's rating: 1536 &rarr; <strong>1524</strong><br />(-12 for losing)\n|raw|kangarooteam1's rating: 1677 &rarr; <strong>1689</strong><br />(+12 for winning)\n|l|\u2606itsjacie\n|player|p1|\n|l|\u2606kangarooteam1\n|player|p2|\n|l| logz_7xvx\n", "uploadtime": 1788277131, "views": "1", "formatid": "gen9ou", "rating": 1524, "private": 0, "password": null}