{"id": "gen9ou-2673986688", "format": "[Gen 9] OU", "players": ["kangarooteam1", "moodrandom"], "log": "|j|\u2606kangarooteam1\n|j|\u2606moodrandom\n|t:|1788285119\n|gametype|singles\n|player|p1|kangarooteam1|1|1543\n|player|p2|moodrandom|thorton|1552\n|gen|9\n|tier|[Gen 9] OU\n|rated|\n|rule|HP Percentage Mod: HP is shown in percentages\n|rule|Endless Battle Clause: Forcing endless battles is banned\n|rule|Species Clause: Limit one of each Pok\u00e9mon\n|rule|OHKO Clause: OHKO moves are banned\n|rule|Evasion Items Clause: Evasion items are banned\n|rule|Evasion Moves Clause: Evasion moves are banned\n|rule|Evasion Abilities Clause: Evasion abilities are banned\n|rule|Sleep Moves Clause: Sleep-inducing moves are banned\n|clearpoke\n|poke|p1|Great Tusk|\n|poke|p1|Gholdengo|\n|poke|p1|Raging Bolt|\n|poke|p1|Iron Valiant|\n|poke|p1|Ogerpon-Wellspring, F|\n|poke|p1|Kingambit, M|\n|poke|p2|Houndstone, M|\n|poke|p2|Tyranitar, F|\n|poke|p2|Excadrill, M|\n|poke|p2|Toxapex, F|\n|poke|p2|Latios, M|\n|poke|p2|Zamazenta-*|\n|teampreview\n|inactive|Battle timer is ON: inactive players will automatically lose when time's up. (requested by kangarooteam1)\n|\n|t:|1788285124\n|teamsize|p1|6\n|teamsize|p2|6\n|start\n|switch|p1a: Great Tusk|Great Tusk|100/100\n|switch|p2a: Latios|Latios, M|100/100\n|turn|1\n|\n|t:|1788285126\n|-end|p1a: Great Tusk|Protosynthesis|[silent]\n|switch|p1a: Kingambit|Kingambit, M|100/100\n|move|p2a: Latios|Future Sight|p1a: Kingambit\n|-start|p2a: Latios|move: Future Sight\n|\n|upkeep\n|turn|2\n|\n|t:|1788285130\n|move|p2a: Latios|Flip Turn|p1a: Kingambit\n|-damage|p1a: Kingambit|92/100\n|\n|t:|1788285133\n|switch|p2a: Zamazenta|Zamazenta|100/100|[from] Flip Turn\n|-ability|p2a: Zamazenta|Dauntless Shield|boost\n|-boost|p2a: Zamazenta|def|1\n|move|p1a: Kingambit|Swords Dance|p1a: Kingambit\n|-boost|p1a: Kingambit|atk|2\n|\n|-heal|p1a: Kingambit|98/100|[from] item: Leftovers\n|upkeep\n|turn|3\n|\n|t:|1788285135\n|-terastallize|p1a: Kingambit|Ghost\n|move|p2a: Zamazenta|Crunch|p1a: Kingambit\n|-supereffective|p1a: Kingambit\n|-damage|p1a: Kingambit|54/100\n|move|p1a: Kingambit|Iron Head|p2a: Zamazenta\n|-damage|p2a: Zamazenta|46/100\n|\n|-end|p1a: Kingambit|move: Future Sight\n|-damage|p1a: Kingambit|0 fnt\n|faint|p1a: Kingambit\n|-end|p1a: Kingambit|fallenundefined|[silent]\n|upkeep\n|\n|t:|1788285137\n|switch|p1a: Great Tusk|Great Tusk|100/100\n|turn|4\n|\n|t:|1788285144\n|switch|p2a: Latios|Latios, M|100/100\n|move|p1a: Great Tusk|Stealth Rock|p2a: Latios\n|-sidestart|p2: moodrandom|move: Stealth Rock\n|\n|upkeep\n|turn|5\n|\n|t:|1788285146\n|-end|p1a: Great Tusk|Protosynthesis|[silent]\n|switch|p1a: Gholdengo|Gholdengo|100/100\n|-item|p1a: Gholdengo|Air Balloon\n|move|p2a: Latios|Draco Meteor|p1a: Gholdengo|[miss]\n|-miss|p2a: Latios|p1a: Gholdengo\n|\n|upkeep\n|turn|6\n|\n|t:|1788285148\n|move|p2a: Latios|Flip Turn|p1a: Gholdengo\n|-damage|p1a: Gholdengo|87/100\n|-enditem|p1a: Gholdengo|Air Balloon\n|\n|t:|1788285151\n|switch|p2a: Toxapex|Toxapex, F|100/100|[from] Flip Turn\n|-damage|p2a: Toxapex|88/100|[from] Stealth Rock\n|move|p1a: Gholdengo|Shadow Ball|p2a: Toxapex\n|-damage|p2a: Toxapex|62/100\n|-enditem|p2a: Toxapex|Eject Button\n|\n|t:|1788285154\n|switch|p2a: Tyranitar|Tyranitar, F|100/100\n|-damage|p2a: Tyranitar|88/100|[from] Stealth Rock\n|-weather|Sandstorm|[from] ability: Sand Stream|[of] p2a: Tyranitar\n|\n|-weather|Sandstorm|[upkeep]\n|upkeep\n|turn|7\n|\n|t:|1788285157\n|move|p1a: Gholdengo|Make It Rain|p2a: Tyranitar\n|-supereffective|p2a: Tyranitar\n|-damage|p2a: Tyranitar|22/100\n|-unboost|p1a: Gholdengo|spa|1\n|move|p2a: Tyranitar|Stealth Rock|p1a: Gholdengo\n|-sidestart|p1: kangarooteam1|move: Stealth Rock\n|\n|-weather|Sandstorm|[upkeep]\n|upkeep\n|turn|8\n|\n|t:|1788285163\n|switch|p2a: Toxapex|Toxapex, F|95/100\n|-damage|p2a: Toxapex|83/100|[from] Stealth Rock\n|move|p1a: Gholdengo|Shadow Ball|p2a: Toxapex\n|-damage|p2a: Toxapex|64/100\n|\n|-weather|Sandstorm|[upkeep]\n|-damage|p2a: Toxapex|58/100|[from] Sandstorm\n|upkeep\n|turn|9\n|\n|t:|1788285172\n|switch|p1a: Great Tusk|Great Tusk|100/100\n|-damage|p1a: Great Tusk|98/100|[from] Stealth Rock\n|move|p2a: Toxapex|Toxic Spikes|p1a: Great Tusk\n|-sidestart|p1: kangarooteam1|move: Toxic Spikes\n|\n|-weather|Sandstorm|[upkeep]\n|-damage|p2a: Toxapex|52/100|[from] Sandstorm\n|-heal|p1a: Great Tusk|100/100|[from] item: Leftovers\n|upkeep\n|turn|10\n|\n|t:|1788285175\n|switch|p2a: Houndstone|Houndstone, M|100/100\n|-damage|p2a: Houndstone|88/100|[from] Stealth Rock\n|move|p1a: Great Tusk|Rapid Spin|p2a: Houndstone\n|-immune|p2a: Houndstone\n|\n|-weather|Sandstorm|[upkeep]\n|upkeep\n|turn|11\n|\n|t:|1788285179\n|move|p2a: Houndstone|Play Rough|p1a: Great Tusk\n|-supereffective|p1a: Great Tusk\n|-damage|p1a: Great Tusk|57/100\n|move|p1a: Great Tusk|Knock Off|p2a: Houndstone\n|-supereffective|p2a: Houndstone\n|-damage|p2a: Houndstone|24/100\n|-enditem|p2a: Houndstone|Choice Band|[from] move: Knock Off|[of] p1a: Great Tusk\n|\n|-weather|Sandstorm|[upkeep]\n|-heal|p1a: Great Tusk|63/100|[from] item: Leftovers\n|upkeep\n|turn|12\n|\n|t:|1788285182\n|move|p2a: Houndstone|Play Rough|p1a: Great Tusk\n|-supereffective|p1a: Great Tusk\n|-damage|p1a: Great Tusk|33/100\n|move|p1a: Great Tusk|Earthquake|p2a: Houndstone\n|-damage|p2a: Houndstone|0 fnt\n|faint|p2a: Houndstone\n|\n|-weather|Sandstorm|[upkeep]\n|-heal|p1a: Great Tusk|39/100|[from] item: Leftovers\n|upkeep\n|\n|t:|1788285186\n|switch|p2a: Latios|Latios, M|100/100\n|-damage|p2a: Latios|88/100|[from] Stealth Rock\n|turn|13\n|\n|t:|1788285188\n|move|p2a: Latios|Draco Meteor|p1a: Great Tusk\n|-damage|p1a: Great Tusk|0 fnt\n|-unboost|p2a: Latios|spa|2\n|faint|p1a: Great Tusk\n|-end|p1a: Great Tusk|Protosynthesis|[silent]\n|\n|-weather|none\n|upkeep\n|\n|t:|1788285189\n|switch|p1a: Ogerpon|Ogerpon-Wellspring, F|100/100\n|-damage|p1a: Ogerpon|88/100|[from] Stealth Rock\n|-status|p1a: Ogerpon|psn\n|turn|14\n|\n|t:|1788285194\n|switch|p2a: Toxapex|Toxapex, F|85/100\n|-damage|p2a: Toxapex|73/100|[from] Stealth Rock\n|move|p1a: Ogerpon|Horn Leech|p2a: Toxapex\n|-damage|p2a: Toxapex|39/100\n|-heal|p1a: Ogerpon|100/100 psn|[from] drain|[of] p2a: Toxapex\n|\n|-damage|p1a: Ogerpon|88/100 psn|[from] psn\n|upkeep\n|turn|15\n|\n|t:|1788285197\n|move|p1a: Ogerpon|Power Whip|p2a: Toxapex|[miss]\n|-miss|p1a: Ogerpon|p2a: Toxapex\n|move|p2a: Toxapex|Poison Jab|p1a: Ogerpon\n|-supereffective|p1a: Ogerpon\n|-damage|p1a: Ogerpon|42/100 psn\n|\n|-damage|p1a: Ogerpon|30/100 psn|[from] psn\n|upkeep\n|turn|16\n|\n|t:|1788285199\n|move|p1a: Ogerpon|Power Whip|p2a: Toxapex\n|-damage|p2a: Toxapex|0 fnt\n|faint|p2a: Toxapex\n|\n|-damage|p1a: Ogerpon|18/100 psn|[from] psn\n|upkeep\n|\n|t:|1788285208\n|switch|p2a: Zamazenta|Zamazenta|46/100\n|-damage|p2a: Zamazenta|40/100|[from] Stealth Rock\n|turn|17\n|\n|t:|1788285210\n|move|p2a: Zamazenta|Crunch|p1a: Ogerpon\n|-damage|p1a: Ogerpon|0 fnt\n|faint|p1a: Ogerpon\n|\n|upkeep\n|\n|t:|1788285212\n|switch|p1a: Iron Valiant|Iron Valiant|100/100\n|-damage|p1a: Iron Valiant|94/100|[from] Stealth Rock\n|-status|p1a: Iron Valiant|psn\n|-enditem|p1a: Iron Valiant|Booster Energy\n|-activate|p1a: Iron Valiant|ability: Quark Drive|[fromitem]\n|-start|p1a: Iron Valiant|quarkdrivespe\n|turn|18\n|\n|t:|1788285216\n|switch|p2a: Tyranitar|Tyranitar, F|22/100\n|-damage|p2a: Tyranitar|10/100|[from] Stealth Rock\n|-weather|Sandstorm|[from] ability: Sand Stream|[of] p2a: Tyranitar\n|move|p1a: Iron Valiant|Moonblast|p2a: Tyranitar\n|-supereffective|p2a: Tyranitar\n|-damage|p2a: Tyranitar|0 fnt\n|faint|p2a: Tyranitar\n|\n|-weather|Sandstorm|[upkeep]\n|-damage|p1a: Iron Valiant|88/100 psn|[from] Sandstorm\n|-damage|p1a: Iron Valiant|76/100 psn|[from] psn\n|upkeep\n|\n|t:|1788285223\n|switch|p2a: Excadrill|Excadrill, M|100/100\n|-damage|p2a: Excadrill|97/100|[from] Stealth Rock\n|-item|p2a: Excadrill|Air Balloon\n|turn|19\n|\n|t:|1788285225\n|-end|p1a: Iron Valiant|Quark Drive|[silent]\n|switch|p1a: Gholdengo|Gholdengo|87/100\n|-damage|p1a: Gholdengo|81/100|[from] Stealth Rock\n|-terastallize|p2a: Excadrill|Ground\n|move|p2a: Excadrill|Earthquake|p1a: Gholdengo\n|-supereffective|p1a: Gholdengo\n|-damage|p1a: Gholdengo|0 fnt\n|faint|p1a: Gholdengo\n|\n|-weather|Sandstorm|[upkeep]\n|upkeep\n|\n|t:|1788285226\n|switch|p1a: Iron Valiant|Iron Valiant|76/100 psn\n|-damage|p1a: Iron Valiant|69/100 psn|[from] Stealth Rock\n|turn|20\n|\n|t:|1788285229\n|move|p2a: Excadrill|Earthquake|p1a: Iron Valiant\n|-damage|p1a: Iron Valiant|0 fnt\n|faint|p1a: Iron Valiant\n|-end|p1a: Iron Valiant|Quark Drive|[silent]\n|\n|-weather|Sandstorm|[upkeep]\n|upkeep\n|\n|t:|1788285230\n|switch|p1a: Raging Bolt|Raging Bolt|100/100\n|-damage|p1a: Raging Bolt|88/100|[from] Stealth Rock\n|-status|p1a: Raging Bolt|psn\n|turn|21\n|\n|t:|1788285231\n|move|p2a: Excadrill|Earthquake|p1a: Raging Bolt\n|-supereffective|p1a: Raging Bolt\n|-damage|p1a: Raging Bolt|0 fnt\n|faint|p1a: Raging Bolt\n|-end|p1a: Raging Bolt|Protosynthesis|[silent]\n|\n|win|moodrandom\n|raw|kangarooteam1's rating: 1543 &rarr; <strong>1524</strong><br />(-19 for losing)\n|raw|moodrandom's rating: 1552 &rarr; <strong>1571</strong><br />(+19 for winning)\n", "uploadtime": 1788285232, "views": "3", "formatid": "gen9ou", "rating": 1524, "private": 0, "password": null}