{"id": "gen9ou-2674008374", "format": "[Gen 9] OU", "players": ["repete64", "Mythiixx"], "log": "|j|\u2606repete64\n|j|\u2606Mythiixx\n|t:|1788287625\n|gametype|singles\n|player|p1|repete64|1|1459\n|player|p2|Mythiixx|valerie|1452\n|gen|9\n|tier|[Gen 9] OU\n|rated|\n|rule|HP Percentage Mod: HP is shown in percentages\n|rule|Endless Battle Clause: Forcing endless battles is banned\n|rule|Species Clause: Limit one of each Pok\u00e9mon\n|rule|OHKO Clause: OHKO moves are banned\n|rule|Evasion Items Clause: Evasion items are banned\n|rule|Evasion Moves Clause: Evasion moves are banned\n|rule|Evasion Abilities Clause: Evasion abilities are banned\n|rule|Sleep Moves Clause: Sleep-inducing moves are banned\n|clearpoke\n|poke|p1|Ting-Lu|\n|poke|p1|Iron Treads|\n|poke|p1|Kingambit, F|\n|poke|p1|Sinistcha|\n|poke|p1|Kyurem|\n|poke|p1|Clefable, M|\n|poke|p2|Fezandipiti, M|\n|poke|p2|Corviknight, F|\n|poke|p2|Dragapult, M|\n|poke|p2|Darkrai|\n|poke|p2|Great Tusk|\n|poke|p2|Ogerpon-Wellspring, F|\n|teampreview\n|inactive|Battle timer is ON: inactive players will automatically lose when time's up. (requested by repete64)\n|inactive|Mythiixx has 120 seconds left.\n|\n|t:|1788287706\n|teamsize|p1|6\n|teamsize|p2|6\n|start\n|switch|p1a: Clefable|Clefable, M|100/100\n|switch|p2a: Dragapult|Dragapult, M|100/100\n|turn|1\n|\n|t:|1788287715\n|move|p2a: Dragapult|U-turn|p1a: Clefable\n|-resisted|p1a: Clefable\n|-crit|p1a: Clefable\n|-damage|p1a: Clefable|81/100\n|\n|t:|1788287717\n|switch|p2a: Fezandipiti|Fezandipiti, M|100/100|[from] U-turn\n|move|p1a: Clefable|Thunder Wave|p2a: Fezandipiti\n|-status|p2a: Fezandipiti|par\n|\n|upkeep\n|turn|2\n|\n|t:|1788287723\n|move|p1a: Clefable|Trick|p2a: Fezandipiti\n|-activate|p1a: Clefable|move: Trick|[of] p2a: Fezandipiti\n|-item|p2a: Fezandipiti|Sticky Barb|[from] move: Trick\n|-item|p1a: Clefable|Heavy-Duty Boots|[from] move: Trick\n|cant|p2a: Fezandipiti|par\n|\n|-damage|p2a: Fezandipiti|88/100 par|[from] item: Sticky Barb\n|upkeep\n|turn|3\n|\n|t:|1788287729\n|switch|p1a: Kingambit|Kingambit, F|100/100\n|move|p2a: Fezandipiti|U-turn|p1a: Kingambit\n|-damage|p1a: Kingambit|89/100\n|\n|t:|1788287735\n|switch|p2a: Ogerpon|Ogerpon-Wellspring, F|100/100|[from] U-turn\n|\n|-heal|p1a: Kingambit|95/100|[from] item: Leftovers\n|upkeep\n|turn|4\n|\n|t:|1788287740\n|move|p2a: Ogerpon|Spikes|p1a: Kingambit\n|-sidestart|p1: repete64|Spikes\n|move|p1a: Kingambit|Kowtow Cleave|p2a: Ogerpon\n|-damage|p2a: Ogerpon|31/100\n|\n|-heal|p1a: Kingambit|100/100|[from] item: Leftovers\n|upkeep\n|turn|5\n|\n|t:|1788287744\n|move|p2a: Ogerpon|Spikes|p1a: Kingambit\n|-sidestart|p1: repete64|Spikes\n|move|p1a: Kingambit|Kowtow Cleave|p2a: Ogerpon\n|-crit|p2a: Ogerpon\n|-damage|p2a: Ogerpon|0 fnt\n|faint|p2a: Ogerpon\n|\n|upkeep\n|\n|t:|1788287747\n|switch|p2a: Great Tusk|Great Tusk|100/100\n|turn|6\n|\n|t:|1788287765\n|-end|p2a: Great Tusk|Protosynthesis|[silent]\n|switch|p2a: Darkrai|Darkrai|100/100\n|-end|p1a: Kingambit|fallenundefined|[silent]\n|switch|p1a: Sinistcha|Sinistcha|100/100\n|\n|upkeep\n|turn|7\n|\n|t:|1788287773\n|switch|p1a: Clefable|Clefable, M|81/100\n|move|p2a: Darkrai|Nasty Plot|p2a: Darkrai\n|-boost|p2a: Darkrai|spa|2\n|\n|upkeep\n|turn|8\n|\n|t:|1788287779\n|switch|p1a: Kingambit|Kingambit, F|100/100\n|-damage|p1a: Kingambit|84/100|[from] Spikes\n|move|p2a: Darkrai|Sludge Bomb|p1a: Kingambit\n|-immune|p1a: Kingambit\n|\n|-heal|p1a: Kingambit|90/100|[from] item: Leftovers\n|upkeep\n|turn|9\n|\n|t:|1788287783\n|move|p2a: Darkrai|Dark Pulse|p1a: Kingambit\n|-resisted|p1a: Kingambit\n|-damage|p1a: Kingambit|21/100\n|-damage|p2a: Darkrai|91/100|[from] item: Life Orb\n|move|p1a: Kingambit|Low Kick|p2a: Darkrai\n|-supereffective|p2a: Darkrai\n|-damage|p2a: Darkrai|1/100\n|\n|-heal|p1a: Kingambit|27/100|[from] item: Leftovers\n|upkeep\n|turn|10\n|\n|t:|1788287789\n|move|p2a: Darkrai|Dark Pulse|p1a: Kingambit\n|-resisted|p1a: Kingambit\n|-damage|p1a: Kingambit|0 fnt\n|faint|p1a: Kingambit\n|-end|p1a: Kingambit|fallenundefined|[silent]\n|-damage|p2a: Darkrai|0 fnt|[from] item: Life Orb\n|faint|p2a: Darkrai\n|\n|upkeep\n|\n|t:|1788287802\n|switch|p2a: Dragapult|Dragapult, M|100/100\n|switch|p1a: Sinistcha|Sinistcha|100/100\n|turn|11\n|\n|t:|1788287813\n|move|p2a: Dragapult|Dragon Darts|p1a: Sinistcha\n|-damage|p1a: Sinistcha|75/100\n|-anim|p2a: Dragapult|Dragon Darts|p1a: Sinistcha\n|-damage|p1a: Sinistcha|52/100\n|move|p1a: Sinistcha|Strength Sap|p2a: Dragapult\n|-fail|p2a: Dragapult|unboost|[from] ability: Clear Body|[of] p2a: Dragapult\n|-heal|p1a: Sinistcha|100/100\n|\n|upkeep\n|turn|12\n|\n|t:|1788287823\n|switch|p2a: Fezandipiti|Fezandipiti, M|88/100 par\n|move|p1a: Sinistcha|Calm Mind|p1a: Sinistcha\n|-boost|p1a: Sinistcha|spa|1\n|-boost|p1a: Sinistcha|spd|1\n|\n|-damage|p2a: Fezandipiti|76/100 par|[from] item: Sticky Barb\n|upkeep\n|turn|13\n|\n|t:|1788287828\n|move|p1a: Sinistcha|Calm Mind|p1a: Sinistcha\n|-boost|p1a: Sinistcha|spa|1\n|-boost|p1a: Sinistcha|spd|1\n|move|p2a: Fezandipiti|Beat Up|p1a: Sinistcha\n|-supereffective|p1a: Sinistcha\n|-damage|p1a: Sinistcha|96/100\n|-supereffective|p1a: Sinistcha\n|-damage|p1a: Sinistcha|92/100\n|-status|p1a: Sinistcha|tox|[from] ability: Toxic Chain|[of] p2a: Fezandipiti\n|-supereffective|p1a: Sinistcha\n|-damage|p1a: Sinistcha|87/100 tox\n|-supereffective|p1a: Sinistcha\n|-damage|p1a: Sinistcha|82/100 tox\n|-hitcount|p1a: Sinistcha|4\n|\n|-damage|p1a: Sinistcha|76/100 tox|[from] psn\n|-damage|p2a: Fezandipiti|63/100 par|[from] item: Sticky Barb\n|upkeep\n|turn|14\n|\n|t:|1788287838\n|move|p1a: Sinistcha|Calm Mind|p1a: Sinistcha\n|-boost|p1a: Sinistcha|spa|1\n|-boost|p1a: Sinistcha|spd|1\n|cant|p2a: Fezandipiti|par\n|\n|-damage|p1a: Sinistcha|64/100 tox|[from] psn\n|-damage|p2a: Fezandipiti|51/100 par|[from] item: Sticky Barb\n|upkeep\n|turn|15\n|\n|t:|1788287841\n|move|p1a: Sinistcha|Strength Sap|p2a: Fezandipiti\n|-unboost|p2a: Fezandipiti|atk|1\n|-heal|p1a: Sinistcha|100/100 tox\n|cant|p2a: Fezandipiti|par\n|\n|-damage|p1a: Sinistcha|82/100 tox|[from] psn\n|-damage|p2a: Fezandipiti|39/100 par|[from] item: Sticky Barb\n|upkeep\n|turn|16\n|\n|t:|1788287846\n|move|p1a: Sinistcha|Shadow Ball|p2a: Fezandipiti\n|-damage|p2a: Fezandipiti|0 fnt\n|faint|p2a: Fezandipiti\n|\n|-damage|p1a: Sinistcha|58/100 tox|[from] psn\n|upkeep\n|\n|t:|1788287850\n|switch|p2a: Dragapult|Dragapult, M|100/100\n|turn|17\n|\n|t:|1788287852\n|move|p2a: Dragapult|Phantom Force||[still]\n|-prepare|p2a: Dragapult|Phantom Force\n|move|p1a: Sinistcha|Strength Sap|p2a: Dragapult|[miss]\n|-miss|p1a: Sinistcha|p2a: Dragapult\n|\n|-damage|p1a: Sinistcha|28/100 tox|[from] psn\n|upkeep\n|turn|18\n|\n|t:|1788287858\n|switch|p1a: Ting-Lu|Ting-Lu|100/100\n|-damage|p1a: Ting-Lu|84/100|[from] Spikes\n|-ability|p1a: Ting-Lu|Vessel of Ruin\n|move|p2a: Dragapult|Phantom Force|p1a: Ting-Lu|[from] lockedmove\n|-resisted|p1a: Ting-Lu\n|-damage|p1a: Ting-Lu|66/100\n|\n|-heal|p1a: Ting-Lu|72/100|[from] item: Leftovers\n|upkeep\n|turn|19\n|\n|t:|1788287862\n|switch|p2a: Great Tusk|Great Tusk|100/100\n|move|p1a: Ting-Lu|Ruination|p2a: Great Tusk\n|-damage|p2a: Great Tusk|50/100\n|\n|-heal|p1a: Ting-Lu|78/100|[from] item: Leftovers\n|upkeep\n|turn|20\n|\n|t:|1788287869\n|move|p2a: Great Tusk|Close Combat|p1a: Ting-Lu\n|-supereffective|p1a: Ting-Lu\n|-damage|p1a: Ting-Lu|14/100\n|-unboost|p2a: Great Tusk|def|1\n|-unboost|p2a: Great Tusk|spd|1\n|move|p1a: Ting-Lu|Sand Tomb|p2a: Great Tusk|[miss]\n|-miss|p1a: Ting-Lu|p2a: Great Tusk\n|\n|-heal|p1a: Ting-Lu|20/100|[from] item: Leftovers\n|upkeep\n|turn|21\n|\n|t:|1788287875\n|move|p2a: Great Tusk|Close Combat|p1a: Ting-Lu\n|-supereffective|p1a: Ting-Lu\n|-damage|p1a: Ting-Lu|0 fnt\n|-unboost|p2a: Great Tusk|def|1\n|-unboost|p2a: Great Tusk|spd|1\n|faint|p1a: Ting-Lu\n|\n|upkeep\n|\n|t:|1788287878\n|switch|p1a: Kyurem|Kyurem|100/100\n|-damage|p1a: Kyurem|84/100|[from] Spikes\n|-ability|p1a: Kyurem|Pressure\n|turn|22\n|\n|t:|1788287884\n|move|p2a: Great Tusk|Close Combat|p1a: Kyurem\n|-supereffective|p1a: Kyurem\n|-damage|p1a: Kyurem|0 fnt\n|-unboost|p2a: Great Tusk|def|1\n|-unboost|p2a: Great Tusk|spd|1\n|faint|p1a: Kyurem\n|\n|upkeep\n|\n|t:|1788287888\n|switch|p1a: Sinistcha|Sinistcha|28/100 tox\n|turn|23\n|\n|t:|1788287894\n|-end|p2a: Great Tusk|Protosynthesis|[silent]\n|switch|p2a: Corviknight|Corviknight, F|100/100\n|-ability|p2a: Corviknight|Pressure\n|move|p1a: Sinistcha|Strength Sap|p2a: Corviknight\n|-unboost|p2a: Corviknight|atk|1\n|-heal|p1a: Sinistcha|88/100 tox\n|\n|-damage|p1a: Sinistcha|82/100 tox|[from] psn\n|upkeep\n|turn|24\n|\n|t:|1788287900\n|switch|p1a: Clefable|Clefable, M|81/100\n|move|p2a: Corviknight|Brave Bird|p1a: Clefable\n|-crit|p1a: Clefable\n|-damage|p1a: Clefable|36/100\n|-damage|p2a: Corviknight|86/100|[from] Recoil\n|\n|upkeep\n|turn|25\n|\n|t:|1788287904\n|move|p2a: Corviknight|U-turn|p1a: Clefable\n|-resisted|p1a: Clefable\n|-damage|p1a: Clefable|33/100\n|\n|t:|1788287907\n|switch|p2a: Dragapult|Dragapult, M|100/100|[from] U-turn\n|move|p1a: Clefable|Moonlight|p1a: Clefable\n|-heal|p1a: Clefable|83/100\n|\n|upkeep\n|turn|26\n|\n|t:|1788287915\n|move|p2a: Dragapult|Phantom Force||[still]\n|-prepare|p2a: Dragapult|Phantom Force\n|move|p1a: Clefable|Moonblast|p2a: Dragapult|[miss]\n|-miss|p1a: Clefable|p2a: Dragapult\n|\n|upkeep\n|turn|27\n|\n|t:|1788287921\n|move|p2a: Dragapult|Phantom Force|p1a: Clefable|[from] lockedmove\n|-damage|p1a: Clefable|30/100\n|move|p1a: Clefable|Moonblast|p2a: Dragapult\n|-supereffective|p2a: Dragapult\n|-damage|p2a: Dragapult|21/100\n|\n|upkeep\n|turn|28\n|\n|t:|1788287926\n|move|p2a: Dragapult|Phantom Force||[still]\n|-prepare|p2a: Dragapult|Phantom Force\n|move|p1a: Clefable|Moonlight|p1a: Clefable\n|-heal|p1a: Clefable|80/100\n|\n|upkeep\n|turn|29\n|\n|t:|1788287928\n|move|p2a: Dragapult|Phantom Force|p1a: Clefable|[from] lockedmove\n|-damage|p1a: Clefable|25/100\n|move|p1a: Clefable|Moonblast|p2a: Dragapult\n|-supereffective|p2a: Dragapult\n|-damage|p2a: Dragapult|0 fnt\n|faint|p2a: Dragapult\n|\n|upkeep\n|\n|t:|1788287933\n|switch|p2a: Great Tusk|Great Tusk|50/100\n|turn|30\n|\n|t:|1788287938\n|move|p2a: Great Tusk|Headlong Rush|p1a: Clefable\n|-damage|p1a: Clefable|0 fnt\n|-unboost|p2a: Great Tusk|def|1\n|-unboost|p2a: Great Tusk|spd|1\n|faint|p1a: Clefable\n|\n|upkeep\n|\n|t:|1788287941\n|switch|p1a: Iron Treads|Iron Treads|100/100\n|-item|p1a: Iron Treads|Air Balloon\n|turn|31\n|\n|t:|1788287945\n|-end|p2a: Great Tusk|Protosynthesis|[silent]\n|switch|p2a: Corviknight|Corviknight, F|86/100\n|-ability|p2a: Corviknight|Pressure\n|move|p1a: Iron Treads|Rapid Spin|p2a: Corviknight\n|-resisted|p2a: Corviknight\n|-damage|p2a: Corviknight|81/100\n|-boost|p1a: Iron Treads|spe|1\n|-damage|p1a: Iron Treads|84/100|[from] item: Rocky Helmet|[of] p2a: Corviknight\n|-sideend|p1: repete64|Spikes|[from] move: Rapid Spin|[of] p1a: Iron Treads\n|\n|upkeep\n|turn|32\n|\n|t:|1788287953\n|move|p1a: Iron Treads|Knock Off|p2a: Corviknight\n|-damage|p2a: Corviknight|64/100\n|-damage|p1a: Iron Treads|67/100|[from] item: Rocky Helmet|[of] p2a: Corviknight\n|-enditem|p2a: Corviknight|Rocky Helmet|[from] move: Knock Off|[of] p1a: Iron Treads\n|move|p2a: Corviknight|Roost|p2a: Corviknight\n|-heal|p2a: Corviknight|100/100\n|-singleturn|p2a: Corviknight|move: Roost\n|\n|upkeep\n|turn|33\n|\n|t:|1788287957\n|-end|p1a: Iron Treads|Quark Drive|[silent]\n|switch|p1a: Sinistcha|Sinistcha|82/100 tox\n|move|p2a: Corviknight|Brave Bird|p1a: Sinistcha\n|-supereffective|p1a: Sinistcha\n|-damage|p1a: Sinistcha|33/100 tox\n|-damage|p2a: Corviknight|86/100|[from] Recoil\n|\n|-damage|p1a: Sinistcha|27/100 tox|[from] psn\n|upkeep\n|turn|34\n|\n|t:|1788287962\n|move|p1a: Sinistcha|Strength Sap|p2a: Corviknight\n|-unboost|p2a: Corviknight|atk|1\n|-heal|p1a: Sinistcha|88/100 tox\n|move|p2a: Corviknight|Brave Bird|p1a: Sinistcha\n|-supereffective|p1a: Sinistcha\n|-damage|p1a: Sinistcha|51/100 tox\n|-damage|p2a: Corviknight|76/100|[from] Recoil\n|\n|-damage|p1a: Sinistcha|39/100 tox|[from] psn\n|upkeep\n|turn|35\n|\n|t:|1788287971\n|move|p1a: Sinistcha|Strength Sap|p2a: Corviknight\n|-unboost|p2a: Corviknight|atk|1\n|-heal|p1a: Sinistcha|80/100 tox\n|move|p2a: Corviknight|Roost|p2a: Corviknight\n|-heal|p2a: Corviknight|100/100\n|-singleturn|p2a: Corviknight|move: Roost\n|\n|-damage|p1a: Sinistcha|61/100 tox|[from] psn\n|upkeep\n|turn|36\n|\n|t:|1788287980\n|switch|p1a: Iron Treads|Iron Treads|67/100\n|-item|p1a: Iron Treads|Air Balloon\n|move|p2a: Corviknight|U-turn|p1a: Iron Treads\n|-resisted|p1a: Iron Treads\n|-damage|p1a: Iron Treads|64/100\n|-enditem|p1a: Iron Treads|Air Balloon\n|\n|t:|1788287982\n|switch|p2a: Great Tusk|Great Tusk|50/100|[from] U-turn\n|\n|upkeep\n|turn|37\n|\n|t:|1788287990\n|-end|p1a: Iron Treads|Quark Drive|[silent]\n|switch|p1a: Sinistcha|Sinistcha|61/100 tox\n|-terastallize|p2a: Great Tusk|Ground\n|move|p2a: Great Tusk|Headlong Rush|p1a: Sinistcha\n|-resisted|p1a: Sinistcha\n|-damage|p1a: Sinistcha|32/100 tox\n|-unboost|p2a: Great Tusk|def|1\n|-unboost|p2a: Great Tusk|spd|1\n|\n|-damage|p1a: Sinistcha|26/100 tox|[from] psn\n|upkeep\n|turn|38\n|\n|t:|1788287995\n|move|p2a: Great Tusk|Headlong Rush|p1a: Sinistcha\n|-resisted|p1a: Sinistcha\n|-damage|p1a: Sinistcha|0 fnt\n|-unboost|p2a: Great Tusk|def|1\n|-unboost|p2a: Great Tusk|spd|1\n|faint|p1a: Sinistcha\n|\n|upkeep\n|c|\u2606repete64|gg\n|-message|repete64 forfeited.\n|\n|win|Mythiixx\n|raw|repete64's rating: 1459 &rarr; <strong>1439</strong><br />(-20 for losing)\n|raw|Mythiixx's rating: 1452 &rarr; <strong>1472</strong><br />(+20 for winning)\n|l|\u2606repete64\n|player|p1|\n|l|\u2606Mythiixx\n|player|p2|\n", "uploadtime": 1788288197, "views": "0", "formatid": "gen9ou", "rating": 1439, "private": 0, "password": null}