{"id": "gen9ou-2673925446", "format": "[Gen 9] OU", "players": ["kangarooteam1", "Trainer #39"], "log": "|j|\u2606kangarooteam1\n|j|\u2606Trainer #39\n|t:|1788277859\n|gametype|singles\n|player|p1|kangarooteam1|1|1625\n|player|p2|Trainer #39|bugsy|1761\n|gen|9\n|tier|[Gen 9] OU\n|rated|\n|rule|HP Percentage Mod: HP is shown in percentages\n|rule|Endless Battle Clause: Forcing endless battles is banned\n|rule|Species Clause: Limit one of each Pok\u00e9mon\n|rule|OHKO Clause: OHKO moves are banned\n|rule|Evasion Items Clause: Evasion items are banned\n|rule|Evasion Moves Clause: Evasion moves are banned\n|rule|Evasion Abilities Clause: Evasion abilities are banned\n|rule|Sleep Moves Clause: Sleep-inducing moves are banned\n|clearpoke\n|poke|p1|Great Tusk|\n|poke|p1|Gholdengo|\n|poke|p1|Raging Bolt|\n|poke|p1|Iron Valiant|\n|poke|p1|Ogerpon-Wellspring, F|\n|poke|p1|Kingambit, F|\n|poke|p2|Blissey, F|\n|poke|p2|Corviknight, M|\n|poke|p2|Dondozo, M|\n|poke|p2|Gliscor, M|\n|poke|p2|Clefable, M|\n|poke|p2|Slowking-Galar, M|\n|teampreview\n|inactive|Battle timer is ON: inactive players will automatically lose when time's up. (requested by kangarooteam1)\n|\n|t:|1788277863\n|teamsize|p1|6\n|teamsize|p2|6\n|start\n|switch|p1a: Ogerpon|Ogerpon-Wellspring, F|100/100\n|switch|p2a: Free Palestine|Gliscor, M|100/100\n|turn|1\n|\n|t:|1788277865\n|move|p1a: Ogerpon|Ivy Cudgel|p2a: Free Palestine|[anim] Ivy Cudgel Water\n|-supereffective|p2a: Free Palestine\n|-damage|p2a: Free Palestine|21/100\n|move|p2a: Free Palestine|Toxic|p1a: Ogerpon|[miss]\n|-miss|p2a: Free Palestine|p1a: Ogerpon\n|\n|-status|p2a: Free Palestine|tox|[from] item: Toxic Orb\n|upkeep\n|turn|2\n|\n|t:|1788277869\n|move|p2a: Free Palestine|Protect|p2a: Free Palestine\n|-singleturn|p2a: Free Palestine|Protect\n|move|p1a: Ogerpon|Ivy Cudgel|p2a: Free Palestine|[anim] Ivy Cudgel Water\n|-activate|p2a: Free Palestine|move: Protect\n|\n|-heal|p2a: Free Palestine|33/100 tox|[from] ability: Poison Heal\n|upkeep\n|turn|3\n|\n|t:|1788277871\n|switch|p2a: 808 and curses|Dondozo, M|100/100\n|move|p1a: Ogerpon|Ivy Cudgel|p2a: 808 and curses|[anim] Ivy Cudgel Water\n|-resisted|p2a: 808 and curses\n|-damage|p2a: 808 and curses|87/100\n|\n|-heal|p2a: 808 and curses|93/100|[from] item: Leftovers\n|upkeep\n|turn|4\n|\n|t:|1788277873\n|switch|p2a: Trump is low IQ|Corviknight, M|100/100\n|-ability|p2a: Trump is low IQ|Pressure\n|move|p1a: Ogerpon|Power Whip|p2a: Trump is low IQ\n|-resisted|p2a: Trump is low IQ\n|-damage|p2a: Trump is low IQ|89/100\n|-damage|p1a: Ogerpon|84/100|[from] item: Rocky Helmet|[of] p2a: Trump is low IQ\n|\n|upkeep\n|turn|5\n|\n|t:|1788277876\n|switch|p1a: Raging Bolt|Raging Bolt|100/100\n|move|p2a: Trump is low IQ|Brave Bird|p1a: Raging Bolt\n|-resisted|p1a: Raging Bolt\n|-damage|p1a: Raging Bolt|85/100\n|-damage|p2a: Trump is low IQ|83/100|[from] Recoil\n|\n|-heal|p1a: Raging Bolt|91/100|[from] item: Leftovers\n|upkeep\n|turn|6\n|\n|t:|1788277878\n|switch|p2a: Save Sudan|Slowking-Galar, M|100/100\n|move|p1a: Raging Bolt|Calm Mind|p1a: Raging Bolt\n|-boost|p1a: Raging Bolt|spa|1\n|-boost|p1a: Raging Bolt|spd|1\n|\n|-heal|p1a: Raging Bolt|97/100|[from] item: Leftovers\n|upkeep\n|turn|7\n|j| brooomdooom\n|\n|t:|1788277880\n|move|p2a: Save Sudan|Trick|p1a: Raging Bolt\n|-activate|p2a: Save Sudan|move: Trick|[of] p1a: Raging Bolt\n|-item|p1a: Raging Bolt|Choice Scarf|[from] move: Trick\n|-item|p2a: Save Sudan|Leftovers|[from] move: Trick\n|move|p1a: Raging Bolt|Calm Mind|p1a: Raging Bolt\n|-boost|p1a: Raging Bolt|spa|1\n|-boost|p1a: Raging Bolt|spd|1\n|\n|upkeep\n|turn|8\n|j| nfbfkmf\n|\n|t:|1788277885\n|-end|p1a: Raging Bolt|Protosynthesis|[silent]\n|switch|p1a: Kingambit|Kingambit, F|100/100\n|move|p2a: Save Sudan|Thunder Wave|p1a: Kingambit\n|-status|p1a: Kingambit|par\n|\n|upkeep\n|turn|9\n|\n|t:|1788277888\n|switch|p2a: Trump is low IQ|Corviknight, M|83/100\n|-ability|p2a: Trump is low IQ|Pressure\n|move|p1a: Kingambit|Swords Dance|p1a: Kingambit\n|-boost|p1a: Kingambit|atk|2\n|\n|upkeep\n|turn|10\n|\n|t:|1788277891\n|switch|p2a: 808 and curses|Dondozo, M|93/100\n|move|p1a: Kingambit|Kowtow Cleave|p2a: 808 and curses\n|-damage|p2a: 808 and curses|71/100\n|\n|-heal|p2a: 808 and curses|77/100|[from] item: Leftovers\n|upkeep\n|turn|11\n|\n|t:|1788277892\n|move|p2a: 808 and curses|Curse|p2a: 808 and curses\n|-unboost|p2a: 808 and curses|spe|1\n|-boost|p2a: 808 and curses|atk|1\n|-boost|p2a: 808 and curses|def|1\n|cant|p1a: Kingambit|par\n|\n|-heal|p2a: 808 and curses|84/100|[from] item: Leftovers\n|upkeep\n|turn|12\n|\n|t:|1788277894\n|move|p2a: 808 and curses|Waterfall|p1a: Kingambit\n|-damage|p1a: Kingambit|68/100 par\n|cant|p1a: Kingambit|par\n|\n|-heal|p1a: Kingambit|75/100 par|[from] item: Leftovers\n|-heal|p2a: 808 and curses|90/100|[from] item: Leftovers\n|upkeep\n|turn|13\n|\n|t:|1788277896\n|move|p2a: 808 and curses|Curse|p2a: 808 and curses\n|-unboost|p2a: 808 and curses|spe|1\n|-boost|p2a: 808 and curses|atk|1\n|-boost|p2a: 808 and curses|def|1\n|move|p1a: Kingambit|Swords Dance|p1a: Kingambit\n|-boost|p1a: Kingambit|atk|2\n|\n|-heal|p1a: Kingambit|81/100 par|[from] item: Leftovers\n|-heal|p2a: 808 and curses|96/100|[from] item: Leftovers\n|upkeep\n|turn|14\n|\n|t:|1788277898\n|-end|p1a: Kingambit|fallenundefined|[silent]\n|switch|p1a: Raging Bolt|Raging Bolt|97/100\n|move|p2a: 808 and curses|Waterfall|p1a: Raging Bolt\n|-resisted|p1a: Raging Bolt\n|-damage|p1a: Raging Bolt|74/100\n|\n|-heal|p2a: 808 and curses|100/100|[from] item: Leftovers\n|upkeep\n|turn|15\n|\n|t:|1788277900\n|switch|p2a: Save Sudan|Slowking-Galar, M|100/100\n|move|p1a: Raging Bolt|Thunderbolt|p2a: Save Sudan\n|-damage|p2a: Save Sudan|60/100\n|\n|-heal|p2a: Save Sudan|66/100|[from] item: Leftovers\n|upkeep\n|turn|16\n|\n|t:|1788277903\n|-end|p1a: Raging Bolt|Protosynthesis|[silent]\n|switch|p1a: Gholdengo|Gholdengo|100/100\n|-item|p1a: Gholdengo|Air Balloon\n|switch|p2a: Free Palestine|Gliscor, M|33/100 tox\n|\n|-heal|p2a: Free Palestine|46/100 tox|[from] ability: Poison Heal\n|upkeep\n|turn|17\n|\n|t:|1788277906\n|switch|p2a: brat|Blissey, F|100/100\n|move|p1a: Gholdengo|Nasty Plot|p1a: Gholdengo\n|-boost|p1a: Gholdengo|spa|2\n|\n|upkeep\n|turn|18\n|\n|t:|1788277907\n|move|p1a: Gholdengo|Nasty Plot|p1a: Gholdengo\n|-boost|p1a: Gholdengo|spa|2\n|move|p2a: brat|Calm Mind|p2a: brat\n|-boost|p2a: brat|spa|1\n|-boost|p2a: brat|spd|1\n|\n|upkeep\n|turn|19\n|\n|t:|1788277909\n|switch|p1a: Ogerpon|Ogerpon-Wellspring, F|84/100\n|move|p2a: brat|Stealth Rock|p1a: Ogerpon\n|-sidestart|p1: kangarooteam1|move: Stealth Rock\n|\n|upkeep\n|turn|20\n|\n|t:|1788277913\n|switch|p2a: 808 and curses|Dondozo, M|100/100\n|move|p1a: Ogerpon|Ivy Cudgel|p2a: 808 and curses|[anim] Ivy Cudgel Water\n|-resisted|p2a: 808 and curses\n|-damage|p2a: 808 and curses|89/100\n|\n|-heal|p2a: 808 and curses|95/100|[from] item: Leftovers\n|upkeep\n|turn|21\n|\n|t:|1788277915\n|switch|p1a: Great Tusk|Great Tusk|100/100\n|-damage|p1a: Great Tusk|98/100|[from] Stealth Rock\n|switch|p2a: Trump is low IQ|Corviknight, M|83/100\n|-ability|p2a: Trump is low IQ|Pressure\n|\n|-heal|p1a: Great Tusk|100/100|[from] item: Leftovers\n|upkeep\n|turn|22\n|\n|t:|1788277917\n|move|p1a: Great Tusk|Rapid Spin|p2a: Trump is low IQ\n|-resisted|p2a: Trump is low IQ\n|-damage|p2a: Trump is low IQ|79/100\n|-boost|p1a: Great Tusk|spe|1\n|-damage|p1a: Great Tusk|84/100|[from] item: Rocky Helmet|[of] p2a: Trump is low IQ\n|-sideend|p1: kangarooteam1|Stealth Rock|[from] move: Rapid Spin|[of] p1a: Great Tusk\n|move|p2a: Trump is low IQ|Brave Bird|p1a: Great Tusk\n|-supereffective|p1a: Great Tusk\n|-damage|p1a: Great Tusk|43/100\n|-damage|p2a: Trump is low IQ|64/100|[from] Recoil\n|\n|-heal|p1a: Great Tusk|50/100|[from] item: Leftovers\n|upkeep\n|turn|23\n|\n|t:|1788277919\n|move|p1a: Great Tusk|Stealth Rock|p2a: Trump is low IQ\n|-sidestart|p2: Trainer #39|move: Stealth Rock\n|move|p2a: Trump is low IQ|Roost|p2a: Trump is low IQ\n|-heal|p2a: Trump is low IQ|100/100\n|-singleturn|p2a: Trump is low IQ|move: Roost\n|\n|-heal|p1a: Great Tusk|56/100|[from] item: Leftovers\n|upkeep\n|turn|24\n|\n|t:|1788277921\n|-end|p1a: Great Tusk|Protosynthesis|[silent]\n|switch|p1a: Raging Bolt|Raging Bolt|74/100\n|move|p2a: Trump is low IQ|Brave Bird|p1a: Raging Bolt\n|-resisted|p1a: Raging Bolt\n|-damage|p1a: Raging Bolt|57/100\n|-damage|p2a: Trump is low IQ|94/100|[from] Recoil\n|\n|upkeep\n|turn|25\n|\n|t:|1788277923\n|switch|p2a: Save Sudan|Slowking-Galar, M|99/100\n|-damage|p2a: Save Sudan|87/100|[from] Stealth Rock\n|move|p1a: Raging Bolt|Thunderbolt|p2a: Save Sudan\n|-damage|p2a: Save Sudan|51/100\n|\n|-heal|p2a: Save Sudan|57/100|[from] item: Leftovers\n|upkeep\n|turn|26\n|\n|t:|1788277926\n|move|p1a: Raging Bolt|Thunderbolt|p2a: Save Sudan\n|-damage|p2a: Save Sudan|15/100\n|move|p2a: Save Sudan|Future Sight|p1a: Raging Bolt\n|-start|p2a: Save Sudan|move: Future Sight\n|\n|-heal|p2a: Save Sudan|21/100|[from] item: Leftovers\n|upkeep\n|turn|27\n|\n|t:|1788277928\n|-end|p1a: Raging Bolt|Protosynthesis|[silent]\n|switch|p1a: Kingambit|Kingambit, F|81/100 par\n|switch|p2a: Free Palestine|Gliscor, M|46/100 tox\n|-damage|p2a: Free Palestine|33/100 tox|[from] Stealth Rock\n|\n|-heal|p1a: Kingambit|87/100 par|[from] item: Leftovers\n|-heal|p2a: Free Palestine|46/100 tox|[from] ability: Poison Heal\n|upkeep\n|turn|28\n|\n|t:|1788277930\n|move|p2a: Free Palestine|Earthquake|p1a: Kingambit\n|-supereffective|p1a: Kingambit\n|-damage|p1a: Kingambit|41/100 par\n|move|p1a: Kingambit|Swords Dance|p1a: Kingambit\n|-boost|p1a: Kingambit|atk|2\n|\n|-end|p1a: Kingambit|move: Future Sight\n|-immune|p1a: Kingambit\n|-heal|p1a: Kingambit|47/100 par|[from] item: Leftovers\n|-heal|p2a: Free Palestine|58/100 tox|[from] ability: Poison Heal\n|upkeep\n|turn|29\n|\n|t:|1788277933\n|move|p2a: Free Palestine|Protect|p2a: Free Palestine\n|-singleturn|p2a: Free Palestine|Protect\n|cant|p1a: Kingambit|par\n|\n|-heal|p1a: Kingambit|53/100 par|[from] item: Leftovers\n|-heal|p2a: Free Palestine|71/100 tox|[from] ability: Poison Heal\n|upkeep\n|turn|30\n|\n|t:|1788277936\n|move|p2a: Free Palestine|Substitute|p2a: Free Palestine\n|-start|p2a: Free Palestine|Substitute\n|-damage|p2a: Free Palestine|46/100 tox\n|move|p1a: Kingambit|Kowtow Cleave|p2a: Free Palestine\n|-end|p2a: Free Palestine|Substitute\n|\n|-heal|p1a: Kingambit|59/100 par|[from] item: Leftovers\n|-heal|p2a: Free Palestine|58/100 tox|[from] ability: Poison Heal\n|upkeep\n|turn|31\n|\n|t:|1788277938\n|move|p2a: Free Palestine|Protect|p2a: Free Palestine\n|-singleturn|p2a: Free Palestine|Protect\n|cant|p1a: Kingambit|par\n|\n|-heal|p1a: Kingambit|66/100 par|[from] item: Leftovers\n|-heal|p2a: Free Palestine|71/100 tox|[from] ability: Poison Heal\n|upkeep\n|turn|32\n|\n|t:|1788277940\n|switch|p2a: 808 and curses|Dondozo, M|95/100\n|-damage|p2a: 808 and curses|82/100|[from] Stealth Rock\n|move|p1a: Kingambit|Kowtow Cleave|p2a: 808 and curses\n|-damage|p2a: 808 and curses|59/100\n|\n|-heal|p2a: 808 and curses|65/100|[from] item: Leftovers\n|-heal|p1a: Kingambit|72/100 par|[from] item: Leftovers\n|upkeep\n|turn|33\n|\n|t:|1788277941\n|-terastallize|p1a: Kingambit|Ghost\n|move|p2a: 808 and curses|Curse|p2a: 808 and curses\n|-unboost|p2a: 808 and curses|spe|1\n|-boost|p2a: 808 and curses|atk|1\n|-boost|p2a: 808 and curses|def|1\n|move|p1a: Kingambit|Swords Dance|p1a: Kingambit\n|-boost|p1a: Kingambit|atk|2\n|\n|-heal|p1a: Kingambit|78/100 par|[from] item: Leftovers\n|-heal|p2a: 808 and curses|71/100|[from] item: Leftovers\n|upkeep\n|turn|34\n|\n|t:|1788277943\n|move|p1a: Kingambit|Kowtow Cleave|p2a: 808 and curses\n|-damage|p2a: 808 and curses|57/100\n|move|p2a: 808 and curses|Waterfall|p1a: Kingambit\n|-damage|p1a: Kingambit|46/100 par\n|\n|-heal|p1a: Kingambit|52/100 par|[from] item: Leftovers\n|-heal|p2a: 808 and curses|63/100|[from] item: Leftovers\n|upkeep\n|turn|35\n|\n|t:|1788277945\n|move|p2a: 808 and curses|Curse|p2a: 808 and curses\n|-unboost|p2a: 808 and curses|spe|1\n|-boost|p2a: 808 and curses|atk|1\n|-boost|p2a: 808 and curses|def|1\n|move|p1a: Kingambit|Iron Head|p2a: 808 and curses\n|-resisted|p2a: 808 and curses\n|-damage|p2a: 808 and curses|58/100\n|\n|-heal|p1a: Kingambit|58/100 par|[from] item: Leftovers\n|-heal|p2a: 808 and curses|64/100|[from] item: Leftovers\n|upkeep\n|turn|36\n|\n|t:|1788277947\n|-end|p1a: Kingambit|fallenundefined|[silent]\n|switch|p1a: Ogerpon|Ogerpon-Wellspring, F|84/100\n|move|p2a: 808 and curses|Waterfall|p1a: Ogerpon\n|-heal|p1a: Ogerpon|100/100|[from] ability: Water Absorb|[of] p2a: 808 and curses\n|\n|-heal|p2a: 808 and curses|70/100|[from] item: Leftovers\n|upkeep\n|turn|37\n|\n|t:|1788277949\n|switch|p1a: Raging Bolt|Raging Bolt|57/100\n|move|p2a: 808 and curses|Curse|p2a: 808 and curses\n|-unboost|p2a: 808 and curses|spe|1\n|-boost|p2a: 808 and curses|atk|1\n|-boost|p2a: 808 and curses|def|1\n|\n|-heal|p2a: 808 and curses|76/100|[from] item: Leftovers\n|upkeep\n|turn|38\n|\n|t:|1788277951\n|switch|p2a: Save Sudan|Slowking-Galar, M|54/100\n|-damage|p2a: Save Sudan|42/100|[from] Stealth Rock\n|move|p1a: Raging Bolt|Thunderbolt|p2a: Save Sudan\n|-damage|p2a: Save Sudan|5/100\n|\n|-heal|p2a: Save Sudan|11/100|[from] item: Leftovers\n|upkeep\n|turn|39\n|\n|t:|1788277953\n|switch|p2a: Free Palestine|Gliscor, M|71/100 tox\n|-damage|p2a: Free Palestine|58/100 tox|[from] Stealth Rock\n|move|p1a: Raging Bolt|Thunderbolt|p2a: Free Palestine\n|-immune|p2a: Free Palestine\n|\n|-heal|p2a: Free Palestine|71/100 tox|[from] ability: Poison Heal\n|upkeep\n|turn|40\n|\n|t:|1788277955\n|-end|p1a: Raging Bolt|Protosynthesis|[silent]\n|switch|p1a: Gholdengo|Gholdengo|100/100\n|-item|p1a: Gholdengo|Air Balloon\n|move|p2a: Free Palestine|Earthquake|p1a: Gholdengo\n|-immune|p1a: Gholdengo\n|\n|-heal|p2a: Free Palestine|83/100 tox|[from] ability: Poison Heal\n|upkeep\n|turn|41\n|\n|t:|1788277958\n|switch|p2a: brat|Blissey, F|100/100\n|move|p1a: Gholdengo|Nasty Plot|p1a: Gholdengo\n|-boost|p1a: Gholdengo|spa|2\n|\n|upkeep\n|turn|42\n|\n|t:|1788277959\n|move|p1a: Gholdengo|Nasty Plot|p1a: Gholdengo\n|-boost|p1a: Gholdengo|spa|2\n|move|p2a: brat|Stealth Rock|p1a: Gholdengo\n|-sidestart|p1: kangarooteam1|move: Stealth Rock\n|\n|upkeep\n|turn|43\n|\n|t:|1788277961\n|move|p1a: Gholdengo|Make It Rain|p2a: brat\n|-damage|p2a: brat|35/100\n|-unboost|p1a: Gholdengo|spa|1\n|move|p2a: brat|Calm Mind|p2a: brat\n|-boost|p2a: brat|spa|1\n|-boost|p2a: brat|spd|1\n|\n|upkeep\n|turn|44\n|\n|t:|1788277963\n|switch|p2a: Trump is low IQ|Corviknight, M|94/100\n|-damage|p2a: Trump is low IQ|82/100|[from] Stealth Rock\n|-ability|p2a: Trump is low IQ|Pressure\n|move|p1a: Gholdengo|Make It Rain|p2a: Trump is low IQ\n|-resisted|p2a: Trump is low IQ\n|-damage|p2a: Trump is low IQ|2/100\n|-unboost|p1a: Gholdengo|spa|1\n|\n|upkeep\n|turn|45\n|\n|t:|1788277966\n|switch|p2a: brat|Blissey, F|35/100\n|move|p1a: Gholdengo|Shadow Ball|p2a: brat\n|-immune|p2a: brat\n|\n|upkeep\n|turn|46\n|\n|t:|1788277968\n|switch|p2a: Trump is low IQ|Corviknight, M|2/100\n|-damage|p2a: Trump is low IQ|0 fnt|[from] Stealth Rock\n|faint|p2a: Trump is low IQ\n|move|p1a: Gholdengo|Make It Rain|p2: Trump is low IQ|[notarget]\n|-fail|p1a: Gholdengo\n|\n|upkeep\n|\n|t:|1788277970\n|switch|p2a: brat|Blissey, F|35/100\n|turn|47\n|\n|t:|1788277972\n|move|p1a: Gholdengo|Make It Rain|p2a: brat\n|-damage|p2a: brat|0 fnt\n|-unboost|p1a: Gholdengo|spa|1\n|faint|p2a: brat\n|\n|upkeep\n|\n|t:|1788277974\n|switch|p2a: Free Lebanon|Clefable, M|100/100\n|turn|48\n|\n|t:|1788277976\n|move|p2a: Free Lebanon|Protect|p2a: Free Lebanon\n|-singleturn|p2a: Free Lebanon|Protect\n|move|p1a: Gholdengo|Make It Rain|p2a: Free Lebanon\n|-activate|p2a: Free Lebanon|move: Protect\n|\n|upkeep\n|turn|49\n|\n|t:|1788277978\n|move|p1a: Gholdengo|Shadow Ball|p2a: Free Lebanon\n|-damage|p2a: Free Lebanon|72/100\n|move|p2a: Free Lebanon|Wish|p2a: Free Lebanon\n|\n|upkeep\n|turn|50\n|\n|t:|1788277981\n|move|p2a: Free Lebanon|Protect|p2a: Free Lebanon\n|-singleturn|p2a: Free Lebanon|Protect\n|move|p1a: Gholdengo|Nasty Plot|p1a: Gholdengo\n|-boost|p1a: Gholdengo|spa|2\n|\n|-heal|p2a: Free Lebanon|100/100|[from] move: Wish|[wisher] Free Lebanon\n|upkeep\n|turn|51\n|\n|t:|1788277982\n|move|p1a: Gholdengo|Shadow Ball|p2a: Free Lebanon\n|-damage|p2a: Free Lebanon|74/100\n|move|p2a: Free Lebanon|Wish|p2a: Free Lebanon\n|\n|upkeep\n|turn|52\n|\n|t:|1788277985\n|move|p1a: Gholdengo|Shadow Ball|p2a: Free Lebanon\n|-damage|p2a: Free Lebanon|46/100\n|-unboost|p2a: Free Lebanon|spd|1\n|move|p2a: Free Lebanon|Moonblast|p1a: Gholdengo\n|-resisted|p1a: Gholdengo\n|-damage|p1a: Gholdengo|82/100\n|-unboost|p1a: Gholdengo|spa|1\n|-enditem|p1a: Gholdengo|Air Balloon\n|\n|-heal|p2a: Free Lebanon|96/100|[from] move: Wish|[wisher] Free Lebanon\n|upkeep\n|turn|53\n|\n|t:|1788277988\n|switch|p2a: Save Sudan|Slowking-Galar, M|44/100\n|-damage|p2a: Save Sudan|32/100|[from] Stealth Rock\n|move|p1a: Gholdengo|Shadow Ball|p2a: Save Sudan\n|-supereffective|p2a: Save Sudan\n|-damage|p2a: Save Sudan|0 fnt\n|faint|p2a: Save Sudan\n|\n|upkeep\n|\n|t:|1788277989\n|switch|p2a: Free Lebanon|Clefable, M|96/100\n|turn|54\n|\n|t:|1788277990\n|move|p1a: Gholdengo|Make It Rain|p2a: Free Lebanon\n|-supereffective|p2a: Free Lebanon\n|-damage|p2a: Free Lebanon|15/100\n|-unboost|p1a: Gholdengo|spa|1\n|move|p2a: Free Lebanon|Wish|p2a: Free Lebanon\n|\n|upkeep\n|turn|55\n|\n|t:|1788277992\n|move|p2a: Free Lebanon|Protect|p2a: Free Lebanon\n|-singleturn|p2a: Free Lebanon|Protect\n|move|p1a: Gholdengo|Shadow Ball|p2a: Free Lebanon\n|-activate|p2a: Free Lebanon|move: Protect\n|\n|-heal|p2a: Free Lebanon|65/100|[from] move: Wish|[wisher] Free Lebanon\n|upkeep\n|turn|56\n|\n|t:|1788277998\n|move|p1a: Gholdengo|Make It Rain|p2a: Free Lebanon\n|-supereffective|p2a: Free Lebanon\n|-damage|p2a: Free Lebanon|0 fnt\n|-unboost|p1a: Gholdengo|spa|1\n|faint|p2a: Free Lebanon\n|\n|upkeep\n|\n|t:|1788278000\n|switch|p2a: Free Palestine|Gliscor, M|83/100 tox\n|-damage|p2a: Free Palestine|71/100 tox|[from] Stealth Rock\n|turn|57\n|\n|t:|1788278002\n|move|p1a: Gholdengo|Shadow Ball|p2a: Free Palestine\n|-damage|p2a: Free Palestine|18/100 tox\n|move|p2a: Free Palestine|Substitute|p2a: Free Palestine\n|-fail|p2a: Free Palestine|move: Substitute|[weak]\n|\n|-heal|p2a: Free Palestine|30/100 tox|[from] ability: Poison Heal\n|upkeep\n|turn|58\n|\n|t:|1788278010\n|move|p2a: Free Palestine|Protect|p2a: Free Palestine\n|-singleturn|p2a: Free Palestine|Protect\n|move|p1a: Gholdengo|Shadow Ball|p2a: Free Palestine\n|-activate|p2a: Free Palestine|move: Protect\n|\n|-heal|p2a: Free Palestine|43/100 tox|[from] ability: Poison Heal\n|upkeep\n|turn|59\n|\n|t:|1788278013\n|move|p1a: Gholdengo|Shadow Ball|p2a: Free Palestine\n|-damage|p2a: Free Palestine|0 fnt\n|faint|p2a: Free Palestine\n|\n|upkeep\n|l|\u2606Trainer #39\n|inactive|Trainer #39 disconnected and has a minute to reconnect!\n|player|p2|\n|inactive|Trainer #39 has 30 seconds to reconnect!\n|inactive|Trainer #39 has 20 seconds to reconnect!\n|inactive|Trainer #39 has 15 seconds to reconnect!\n|inactive|Trainer #39 has 10 seconds to reconnect!\n|inactive|Trainer #39 has 5 seconds to reconnect!\n|-message|Trainer #39 lost due to inactivity.\n|\n|win|kangarooteam1\n|raw|kangarooteam1's rating: 1625 &rarr; <strong>1652</strong><br />(+27 for winning)\n|raw|Trainer #39's rating: 1761 &rarr; <strong>1734</strong><br />(-27 for losing)\n", "uploadtime": 1788278074, "views": "1", "formatid": "gen9ou", "rating": 1652, "private": 0, "password": null}