{"id": "gen9ou-2673861530", "format": "[Gen 9] OU", "players": ["kangarooteam1", "thiccdug"], "log": "|j|\u2606kangarooteam1\n|j|\u2606thiccdug\n|t:|1788269911\n|gametype|singles\n|player|p1|kangarooteam1|1|1561\n|player|p2|thiccdug|266|1591\n|gen|9\n|tier|[Gen 9] OU\n|rated|\n|rule|HP Percentage Mod: HP is shown in percentages\n|rule|Endless Battle Clause: Forcing endless battles is banned\n|rule|Species Clause: Limit one of each Pok\u00e9mon\n|rule|OHKO Clause: OHKO moves are banned\n|rule|Evasion Items Clause: Evasion items are banned\n|rule|Evasion Moves Clause: Evasion moves are banned\n|rule|Evasion Abilities Clause: Evasion abilities are banned\n|rule|Sleep Moves Clause: Sleep-inducing moves are banned\n|clearpoke\n|poke|p1|Great Tusk|\n|poke|p1|Gholdengo|\n|poke|p1|Raging Bolt|\n|poke|p1|Iron Valiant|\n|poke|p1|Ogerpon-Wellspring, F|\n|poke|p1|Kingambit, F|\n|poke|p2|Hawlucha, F|\n|poke|p2|Samurott-Hisui, F|\n|poke|p2|Rillaboom, F|\n|poke|p2|Gholdengo|\n|poke|p2|Kyurem|\n|poke|p2|Landorus-Therian, M|\n|teampreview\n|inactive|Battle timer is ON: inactive players will automatically lose when time's up. (requested by thiccdug)\n|inactive|kangarooteam1 also wants the timer to be on.\n|\n|t:|1788269919\n|teamsize|p1|6\n|teamsize|p2|6\n|start\n|switch|p1a: Gholdengo|Gholdengo|100/100\n|switch|p2a: Rillaboom|Rillaboom, F|100/100\n|-item|p1a: Gholdengo|Air Balloon\n|-fieldstart|move: Grassy Terrain|[from] ability: Grassy Surge|[of] p2a: Rillaboom\n|turn|1\n|\n|t:|1788269920\n|move|p1a: Gholdengo|Make It Rain|p2a: Rillaboom\n|-damage|p2a: Rillaboom|17/100\n|-unboost|p1a: Gholdengo|spa|1\n|move|p2a: Rillaboom|Knock Off|p1a: Gholdengo\n|-supereffective|p1a: Gholdengo\n|-damage|p1a: Gholdengo|12/100\n|-enditem|p1a: Gholdengo|Air Balloon\n|\n|-heal|p1a: Gholdengo|18/100|[from] Grassy Terrain\n|-heal|p2a: Rillaboom|23/100|[from] Grassy Terrain\n|upkeep\n|turn|2\n|\n|t:|1788269925\n|switch|p1a: Raging Bolt|Raging Bolt|100/100\n|switch|p2a: Hawlucha|Hawlucha, F|100/100\n|-enditem|p2a: Hawlucha|Grassy Seed\n|-boost|p2a: Hawlucha|def|1|[from] item: Grassy Seed\n|\n|upkeep\n|turn|3\n|\n|t:|1788269933\n|move|p2a: Hawlucha|Low Kick|p1a: Raging Bolt\n|-damage|p1a: Raging Bolt|53/100\n|move|p1a: Raging Bolt|Dragon Pulse|p2a: Hawlucha\n|-damage|p2a: Hawlucha|31/100\n|\n|-heal|p1a: Raging Bolt|60/100|[from] Grassy Terrain\n|-heal|p1a: Raging Bolt|66/100|[from] item: Leftovers\n|upkeep\n|turn|4\n|j| Slashutu\n|\n|t:|1788269937\n|move|p2a: Hawlucha|Roost|p2a: Hawlucha\n|-heal|p2a: Hawlucha|81/100\n|-singleturn|p2a: Hawlucha|move: Roost\n|move|p1a: Raging Bolt|Dragon Pulse|p2a: Hawlucha\n|-damage|p2a: Hawlucha|6/100\n|\n|-heal|p2a: Hawlucha|12/100|[from] Grassy Terrain\n|-heal|p1a: Raging Bolt|72/100|[from] Grassy Terrain\n|-heal|p1a: Raging Bolt|78/100|[from] item: Leftovers\n|upkeep\n|turn|5\n|\n|t:|1788269939\n|move|p2a: Hawlucha|Roost|p2a: Hawlucha\n|-heal|p2a: Hawlucha|62/100\n|-singleturn|p2a: Hawlucha|move: Roost\n|move|p1a: Raging Bolt|Dragon Pulse|p2a: Hawlucha\n|-damage|p2a: Hawlucha|0 fnt\n|faint|p2a: Hawlucha\n|\n|-heal|p1a: Raging Bolt|84/100|[from] Grassy Terrain\n|-heal|p1a: Raging Bolt|91/100|[from] item: Leftovers\n|-fieldend|move: Grassy Terrain\n|upkeep\n|\n|t:|1788269948\n|switch|p2a: Kyurem|Kyurem|100/100\n|-ability|p2a: Kyurem|Pressure\n|turn|6\n|\n|t:|1788269952\n|-terastallize|p1a: Raging Bolt|Fairy\n|move|p2a: Kyurem|Ice Beam|p1a: Raging Bolt\n|-damage|p1a: Raging Bolt|51/100\n|move|p1a: Raging Bolt|Dragon Pulse|p2a: Kyurem\n|-supereffective|p2a: Kyurem\n|-damage|p2a: Kyurem|40/100\n|\n|-heal|p1a: Raging Bolt|57/100|[from] item: Leftovers\n|upkeep\n|turn|7\n|\n|t:|1788269954\n|-terastallize|p2a: Kyurem|Fairy\n|move|p2a: Kyurem|Ice Beam|p1a: Raging Bolt\n|-damage|p1a: Raging Bolt|18/100\n|-status|p1a: Raging Bolt|frz\n|cant|p1a: Raging Bolt|frz\n|\n|-heal|p1a: Raging Bolt|25/100 frz|[from] item: Leftovers\n|upkeep\n|turn|8\n|\n|t:|1788269956\n|move|p2a: Kyurem|Ice Beam|p1a: Raging Bolt\n|-damage|p1a: Raging Bolt|0 fnt\n|faint|p1a: Raging Bolt\n|-end|p1a: Raging Bolt|Protosynthesis|[silent]\n|\n|upkeep\n|\n|t:|1788269957\n|switch|p1a: Ogerpon|Ogerpon-Wellspring, F|100/100\n|turn|9\n|\n|t:|1788269959\n|move|p1a: Ogerpon|Ivy Cudgel|p2a: Kyurem|[anim] Ivy Cudgel Water\n|-damage|p2a: Kyurem|0 fnt\n|faint|p2a: Kyurem\n|\n|upkeep\n|\n|t:|1788269962\n|switch|p2a: Rillaboom|Rillaboom, F|23/100\n|-fieldstart|move: Grassy Terrain|[from] ability: Grassy Surge|[of] p2a: Rillaboom\n|turn|10\n|\n|t:|1788269963\n|move|p2a: Rillaboom|Grassy Glide|p1a: Ogerpon\n|-damage|p1a: Ogerpon|47/100\n|move|p1a: Ogerpon|Horn Leech|p2a: Rillaboom\n|-resisted|p2a: Rillaboom\n|-damage|p2a: Rillaboom|0 fnt\n|-heal|p1a: Ogerpon|61/100|[from] drain|[of] p2a: Rillaboom\n|faint|p2a: Rillaboom\n|\n|-heal|p1a: Ogerpon|67/100|[from] Grassy Terrain\n|upkeep\n|\n|t:|1788269970\n|switch|p2a: Gholdengo|Gholdengo|100/100\n|turn|11\n|\n|t:|1788269973\n|move|p2a: Gholdengo|Shadow Ball|p1a: Ogerpon\n|-damage|p1a: Ogerpon|21/100\n|move|p1a: Ogerpon|Ivy Cudgel|p2a: Gholdengo|[anim] Ivy Cudgel Water\n|-damage|p2a: Gholdengo|32/100\n|\n|-heal|p2a: Gholdengo|38/100|[from] Grassy Terrain\n|-heal|p1a: Ogerpon|27/100|[from] Grassy Terrain\n|upkeep\n|turn|12\n|\n|t:|1788269975\n|switch|p1a: Kingambit|Kingambit, F|100/100\n|-activate|p1a: Kingambit|ability: Supreme Overlord\n|-start|p1a: Kingambit|fallen1|[silent]\n|move|p2a: Gholdengo|Shadow Ball|p1a: Kingambit\n|-resisted|p1a: Kingambit\n|-damage|p1a: Kingambit|78/100\n|\n|-heal|p2a: Gholdengo|44/100|[from] Grassy Terrain\n|-heal|p1a: Kingambit|84/100|[from] Grassy Terrain\n|-heal|p1a: Kingambit|91/100|[from] item: Leftovers\n|upkeep\n|turn|13\n|\n|t:|1788269977\n|switch|p2a: Landorus|Landorus-Therian, M|100/100\n|-ability|p2a: Landorus|Intimidate|boost\n|-unboost|p1a: Kingambit|atk|1\n|move|p1a: Kingambit|Swords Dance|p1a: Kingambit\n|-boost|p1a: Kingambit|atk|2\n|\n|-heal|p1a: Kingambit|97/100|[from] Grassy Terrain\n|-heal|p1a: Kingambit|100/100|[from] item: Leftovers\n|upkeep\n|turn|14\n|\n|t:|1788269979\n|move|p2a: Landorus|Earth Power|p1a: Kingambit\n|-supereffective|p1a: Kingambit\n|-damage|p1a: Kingambit|39/100\n|move|p1a: Kingambit|Kowtow Cleave|p2a: Landorus\n|-damage|p2a: Landorus|18/100\n|-damage|p1a: Kingambit|23/100|[from] item: Rocky Helmet|[of] p2a: Landorus\n|\n|-heal|p1a: Kingambit|29/100|[from] Grassy Terrain\n|-heal|p1a: Kingambit|35/100|[from] item: Leftovers\n|-fieldend|move: Grassy Terrain\n|upkeep\n|turn|15\n|\n|t:|1788269983\n|move|p1a: Kingambit|Sucker Punch||[still]\n|-fail|p1a: Kingambit\n|move|p2a: Landorus|Stealth Rock|p1a: Kingambit\n|-sidestart|p1: kangarooteam1|move: Stealth Rock\n|\n|-heal|p1a: Kingambit|41/100|[from] item: Leftovers\n|upkeep\n|turn|16\n|\n|t:|1788269985\n|move|p1a: Kingambit|Sucker Punch|p2a: Landorus\n|-damage|p2a: Landorus|0 fnt\n|-damage|p1a: Kingambit|25/100|[from] item: Rocky Helmet|[of] p2a: Landorus\n|faint|p2a: Landorus\n|\n|-heal|p1a: Kingambit|31/100|[from] item: Leftovers\n|upkeep\n|\n|t:|1788269986\n|switch|p2a: Samurott|Samurott-Hisui, F|100/100\n|turn|17\n|\n|t:|1788269988\n|move|p2a: Samurott|Ceaseless Edge|p1a: Kingambit\n|-resisted|p1a: Kingambit\n|-damage|p1a: Kingambit|17/100\n|-sidestart|p1: kangarooteam1|Spikes\n|move|p1a: Kingambit|Kowtow Cleave|p2a: Samurott\n|-resisted|p2a: Samurott\n|-damage|p2a: Samurott|50/100\n|\n|-heal|p1a: Kingambit|23/100|[from] item: Leftovers\n|upkeep\n|turn|18\n|\n|t:|1788269990\n|move|p2a: Samurott|Ceaseless Edge|p1a: Kingambit\n|-resisted|p1a: Kingambit\n|-damage|p1a: Kingambit|10/100\n|-sidestart|p1: kangarooteam1|Spikes\n|move|p1a: Kingambit|Kowtow Cleave|p2a: Samurott\n|-resisted|p2a: Samurott\n|-damage|p2a: Samurott|5/100\n|\n|-heal|p1a: Kingambit|16/100|[from] item: Leftovers\n|upkeep\n|turn|19\n|\n|t:|1788269994\n|move|p2a: Samurott|Sucker Punch|p1a: Kingambit\n|-resisted|p1a: Kingambit\n|-damage|p1a: Kingambit|5/100\n|move|p1a: Kingambit|Sucker Punch||[still]\n|-fail|p1a: Kingambit\n|\n|-heal|p1a: Kingambit|11/100|[from] item: Leftovers\n|upkeep\n|turn|20\n|\n|t:|1788269997\n|move|p2a: Samurott|Sucker Punch|p1a: Kingambit\n|-resisted|p1a: Kingambit\n|-damage|p1a: Kingambit|0 fnt\n|faint|p1a: Kingambit\n|-end|p1a: Kingambit|fallen1|[silent]\n|\n|upkeep\n|\n|t:|1788269998\n|switch|p1a: Great Tusk|Great Tusk|100/100\n|-damage|p1a: Great Tusk|98/100|[from] Stealth Rock\n|-damage|p1a: Great Tusk|81/100|[from] Spikes\n|turn|21\n|\n|t:|1788270003\n|move|p1a: Great Tusk|Rapid Spin|p2a: Samurott\n|-damage|p2a: Samurott|0 fnt\n|-boost|p1a: Great Tusk|spe|1\n|-sideend|p1: kangarooteam1|Spikes|[from] move: Rapid Spin|[of] p1a: Great Tusk\n|-sideend|p1: kangarooteam1|Stealth Rock|[from] move: Rapid Spin|[of] p1a: Great Tusk\n|faint|p2a: Samurott\n|\n|-heal|p1a: Great Tusk|87/100|[from] item: Leftovers\n|upkeep\n|-message|thiccdug forfeited.\n|\n|win|kangarooteam1\n|raw|kangarooteam1's rating: 1561 &rarr; <strong>1583</strong><br />(+22 for winning)\n|raw|thiccdug's rating: 1591 &rarr; <strong>1569</strong><br />(-22 for losing)\n|l|\u2606thiccdug\n|player|p2|\n", "uploadtime": 1788270006, "views": "1", "formatid": "gen9ou", "rating": 1569, "private": 0, "password": null}