{"id": "gen9ou-2673892156", "format": "[Gen 9] OU", "players": ["brockssocks3", "big wick"], "log": "|j|\u2606brockssocks3\n|j|\u2606big wick\n|t:|1788273820\n|gametype|singles\n|player|p1|brockssocks3|unknown|1420\n|player|p2|big wick|169|1431\n|gen|9\n|tier|[Gen 9] OU\n|rated|\n|rule|HP Percentage Mod: HP is shown in percentages\n|rule|Endless Battle Clause: Forcing endless battles is banned\n|rule|Species Clause: Limit one of each Pok\u00e9mon\n|rule|OHKO Clause: OHKO moves are banned\n|rule|Evasion Items Clause: Evasion items are banned\n|rule|Evasion Moves Clause: Evasion moves are banned\n|rule|Evasion Abilities Clause: Evasion abilities are banned\n|rule|Sleep Moves Clause: Sleep-inducing moves are banned\n|clearpoke\n|poke|p1|Ting-Lu|\n|poke|p1|Garganacl, F|\n|poke|p1|Zapdos|\n|poke|p1|Mandibuzz, F|\n|poke|p1|Primarina, F|\n|poke|p1|Deoxys-Speed|\n|poke|p2|Vaporeon, M|\n|poke|p2|Dragapult, M|\n|poke|p2|Great Tusk|\n|poke|p2|Kingambit, M|\n|poke|p2|Enamorus, F|\n|poke|p2|Iron Moth|\n|teampreview\n|inactive|Battle timer is ON: inactive players will automatically lose when time's up. (requested by brockssocks3)\n|\n|t:|1788273844\n|teamsize|p1|6\n|teamsize|p2|6\n|start\n|switch|p1a: Garganacl|Garganacl, F|100/100\n|switch|p2a: Enamorus|Enamorus, F|100/100\n|turn|1\n|\n|t:|1788273853\n|move|p2a: Enamorus|Superpower|p1a: Garganacl\n|-supereffective|p1a: Garganacl\n|-damage|p1a: Garganacl|61/100\n|-boost|p2a: Enamorus|atk|1\n|-boost|p2a: Enamorus|def|1\n|move|p1a: Garganacl|Salt Cure|p2a: Enamorus\n|-supereffective|p2a: Enamorus\n|-damage|p2a: Enamorus|69/100\n|-start|p2a: Enamorus|Salt Cure\n|\n|-heal|p1a: Garganacl|67/100|[from] item: Leftovers\n|-damage|p2a: Enamorus|56/100|[from] Salt Cure\n|upkeep\n|turn|2\n|\n|t:|1788273865\n|move|p1a: Garganacl|Protect|p1a: Garganacl\n|-singleturn|p1a: Garganacl|Protect\n|move|p2a: Enamorus|Superpower|p1a: Garganacl\n|-activate|p1a: Garganacl|move: Protect\n|\n|-heal|p1a: Garganacl|73/100|[from] item: Leftovers\n|-damage|p2a: Enamorus|44/100|[from] Salt Cure\n|upkeep\n|turn|3\n|\n|t:|1788273873\n|switch|p1a: Zapdos|Zapdos|100/100\n|move|p2a: Enamorus|Superpower|p1a: Zapdos\n|-resisted|p1a: Zapdos\n|-crit|p1a: Zapdos\n|-damage|p1a: Zapdos|77/100\n|-boost|p2a: Enamorus|atk|1\n|-boost|p2a: Enamorus|def|1\n|\n|-damage|p2a: Enamorus|31/100|[from] Salt Cure\n|upkeep\n|turn|4\n|\n|t:|1788273882\n|move|p2a: Enamorus|Moonblast|p1a: Zapdos\n|-damage|p1a: Zapdos|28/100\n|move|p1a: Zapdos|Discharge|p2a: Enamorus\n|-supereffective|p2a: Enamorus\n|-damage|p2a: Enamorus|0 fnt\n|faint|p2a: Enamorus\n|\n|upkeep\n|\n|t:|1788273885\n|switch|p2a: Dragapult|Dragapult, M, shiny|100/100\n|turn|5\n|\n|t:|1788273887\n|switch|p1a: Ting-Lu|Ting-Lu|100/100\n|-ability|p1a: Ting-Lu|Vessel of Ruin\n|move|p2a: Dragapult|Dragon Darts|p1a: Ting-Lu\n|-damage|p1a: Ting-Lu|83/100\n|-anim|p2a: Dragapult|Dragon Darts|p1a: Ting-Lu\n|-damage|p1a: Ting-Lu|64/100\n|\n|-heal|p1a: Ting-Lu|70/100|[from] item: Leftovers\n|upkeep\n|turn|6\n|\n|t:|1788273902\n|move|p2a: Dragapult|Dragon Darts|p1a: Ting-Lu\n|-damage|p1a: Ting-Lu|51/100\n|-anim|p2a: Dragapult|Dragon Darts|p1a: Ting-Lu\n|-damage|p1a: Ting-Lu|34/100\n|move|p1a: Ting-Lu|Ruination|p2a: Dragapult\n|-damage|p2a: Dragapult|50/100\n|\n|-heal|p1a: Ting-Lu|40/100|[from] item: Leftovers\n|upkeep\n|turn|7\n|\n|t:|1788273917\n|switch|p1a: Primarina|Primarina, F|100/100\n|move|p2a: Dragapult|Dragon Darts|p1a: Primarina\n|-immune|p1a: Primarina\n|\n|upkeep\n|turn|8\n|\n|t:|1788273924\n|move|p2a: Dragapult|Phantom Force||[still]\n|-prepare|p2a: Dragapult|Phantom Force\n|move|p1a: Primarina|Moonblast|p2a: Dragapult|[miss]\n|-miss|p1a: Primarina|p2a: Dragapult\n|\n|upkeep\n|turn|9\n|\n|t:|1788273940\n|move|p2a: Dragapult|Phantom Force|p1a: Primarina|[from] lockedmove\n|-damage|p1a: Primarina|46/100\n|move|p1a: Primarina|Moonblast|p2a: Dragapult\n|-supereffective|p2a: Dragapult\n|-damage|p2a: Dragapult|0 fnt\n|faint|p2a: Dragapult\n|\n|upkeep\n|\n|t:|1788273951\n|switch|p2a: Great Tusk|Great Tusk|100/100\n|-enditem|p2a: Great Tusk|Booster Energy\n|-activate|p2a: Great Tusk|ability: Protosynthesis|[fromitem]\n|-start|p2a: Great Tusk|protosynthesisatk\n|turn|10\n|\n|t:|1788273959\n|switch|p1a: Zapdos|Zapdos|28/100\n|-terastallize|p2a: Great Tusk|Water\n|move|p2a: Great Tusk|Rapid Spin|p1a: Zapdos\n|-damage|p1a: Zapdos|11/100\n|-boost|p2a: Great Tusk|spe|1\n|\n|upkeep\n|turn|11\n|\n|t:|1788273968\n|move|p2a: Great Tusk|Rapid Spin|p1a: Zapdos\n|-damage|p1a: Zapdos|0 fnt\n|-boost|p2a: Great Tusk|spe|1\n|-status|p2a: Great Tusk|par|[from] ability: Static|[of] p1a: Zapdos\n|faint|p1a: Zapdos\n|\n|upkeep\n|\n|t:|1788273976\n|switch|p1a: Mandibuzz|Mandibuzz, F|100/100\n|turn|12\n|\n|t:|1788273986\n|move|p2a: Great Tusk|Smack Down|p1a: Mandibuzz\n|-supereffective|p1a: Mandibuzz\n|-damage|p1a: Mandibuzz|72/100\n|-start|p1a: Mandibuzz|Smack Down\n|move|p1a: Mandibuzz|Foul Play|p2a: Great Tusk\n|-damage|p2a: Great Tusk|63/100 par\n|\n|upkeep\n|turn|13\n|\n|t:|1788274007\n|cant|p2a: Great Tusk|par\n|move|p1a: Mandibuzz|Foul Play|p2a: Great Tusk\n|-damage|p2a: Great Tusk|25/100 par\n|\n|upkeep\n|turn|14\n|\n|t:|1788274011\n|move|p2a: Great Tusk|Earthquake|p1a: Mandibuzz\n|-damage|p1a: Mandibuzz|34/100\n|move|p1a: Mandibuzz|Foul Play|p2a: Great Tusk\n|-damage|p2a: Great Tusk|0 fnt\n|faint|p2a: Great Tusk\n|-end|p2a: Great Tusk|Protosynthesis|[silent]\n|\n|upkeep\n|\n|t:|1788274014\n|switch|p2a: Iron Moth|Iron Moth|100/100\n|-enditem|p2a: Iron Moth|Booster Energy\n|-activate|p2a: Iron Moth|ability: Quark Drive|[fromitem]\n|-start|p2a: Iron Moth|quarkdrivespe\n|turn|15\n|\n|t:|1788274017\n|move|p2a: Iron Moth|Fiery Dance|p1a: Mandibuzz\n|-damage|p1a: Mandibuzz|0 fnt\n|faint|p1a: Mandibuzz\n|\n|upkeep\n|\n|t:|1788274021\n|switch|p1a: Ting-Lu|Ting-Lu|40/100\n|-ability|p1a: Ting-Lu|Vessel of Ruin\n|turn|16\n|\n|t:|1788274033\n|move|p2a: Iron Moth|Energy Ball|p1a: Ting-Lu\n|-supereffective|p1a: Ting-Lu\n|-damage|p1a: Ting-Lu|16/100\n|move|p1a: Ting-Lu|Earthquake|p2a: Iron Moth\n|-supereffective|p2a: Iron Moth\n|-damage|p2a: Iron Moth|0 fnt\n|faint|p2a: Iron Moth\n|-end|p2a: Iron Moth|Quark Drive|[silent]\n|\n|-heal|p1a: Ting-Lu|22/100|[from] item: Leftovers\n|upkeep\n|\n|t:|1788274039\n|switch|p2a: Vaporeon|Vaporeon, M|100/100\n|turn|17\n|\n|t:|1788274044\n|switch|p1a: Primarina|Primarina, F|46/100\n|move|p2a: Vaporeon|Scald|p1a: Primarina\n|-resisted|p1a: Primarina\n|-damage|p1a: Primarina|38/100\n|-status|p1a: Primarina|brn\n|\n|-damage|p1a: Primarina|32/100 brn|[from] brn\n|upkeep\n|turn|18\n|\n|t:|1788274051\n|move|p2a: Vaporeon|Calm Mind|p2a: Vaporeon\n|-boost|p2a: Vaporeon|spa|1\n|-boost|p2a: Vaporeon|spd|1\n|move|p1a: Primarina|Moonblast|p2a: Vaporeon\n|-damage|p2a: Vaporeon|75/100\n|\n|-heal|p2a: Vaporeon|81/100|[from] item: Leftovers\n|-damage|p1a: Primarina|26/100 brn|[from] brn\n|upkeep\n|turn|19\n|\n|t:|1788274063\n|move|p2a: Vaporeon|Calm Mind|p2a: Vaporeon\n|-boost|p2a: Vaporeon|spa|1\n|-boost|p2a: Vaporeon|spd|1\n|move|p1a: Primarina|Psychic Noise|p2a: Vaporeon\n|-damage|p2a: Vaporeon|71/100\n|-start|p2a: Vaporeon|move: Heal Block\n|\n|-damage|p1a: Primarina|20/100 brn|[from] brn\n|upkeep\n|turn|20\n|\n|t:|1788274068\n|move|p2a: Vaporeon|Calm Mind|p2a: Vaporeon\n|-boost|p2a: Vaporeon|spa|1\n|-boost|p2a: Vaporeon|spd|1\n|move|p1a: Primarina|Moonblast|p2a: Vaporeon\n|-damage|p2a: Vaporeon|54/100\n|\n|-damage|p1a: Primarina|14/100 brn|[from] brn\n|-end|p2a: Vaporeon|move: Heal Block\n|upkeep\n|turn|21\n|\n|t:|1788274071\n|move|p2a: Vaporeon|Calm Mind|p2a: Vaporeon\n|-boost|p2a: Vaporeon|spa|1\n|-boost|p2a: Vaporeon|spd|1\n|move|p1a: Primarina|Psychic Noise|p2a: Vaporeon\n|-damage|p2a: Vaporeon|47/100\n|-start|p2a: Vaporeon|move: Heal Block\n|\n|-damage|p1a: Primarina|8/100 brn|[from] brn\n|upkeep\n|turn|22\n|\n|t:|1788274075\n|move|p2a: Vaporeon|Calm Mind|p2a: Vaporeon\n|-boost|p2a: Vaporeon|spa|1\n|-boost|p2a: Vaporeon|spd|1\n|move|p1a: Primarina|Moonblast|p2a: Vaporeon\n|-damage|p2a: Vaporeon|36/100\n|\n|-damage|p1a: Primarina|2/100 brn|[from] brn\n|-end|p2a: Vaporeon|move: Heal Block\n|upkeep\n|turn|23\n|\n|t:|1788274078\n|move|p2a: Vaporeon|Wish|p2a: Vaporeon\n|move|p1a: Primarina|Psychic Noise|p2a: Vaporeon\n|-damage|p2a: Vaporeon|30/100\n|-start|p2a: Vaporeon|move: Heal Block\n|\n|-damage|p1a: Primarina|0 fnt|[from] brn\n|faint|p1a: Primarina\n|upkeep\n|\n|t:|1788274080\n|switch|p1a: Deoxys|Deoxys-Speed|100/100\n|-ability|p1a: Deoxys|Pressure\n|turn|24\n|\n|t:|1788274085\n|move|p1a: Deoxys|Superpower|p2a: Vaporeon\n|-damage|p2a: Vaporeon|9/100\n|-unboost|p1a: Deoxys|atk|1\n|-unboost|p1a: Deoxys|def|1\n|-enditem|p1a: Deoxys|Eject Pack\n|\n|t:|1788274091\n|switch|p1a: Garganacl|Garganacl, F|73/100\n|move|p2a: Vaporeon|Calm Mind|p2a: Vaporeon\n|-boost|p2a: Vaporeon|spa|1\n|-boost|p2a: Vaporeon|spd|1\n|\n|-heal|p1a: Garganacl|79/100|[from] item: Leftovers\n|-end|p2a: Vaporeon|move: Heal Block\n|upkeep\n|turn|25\n|\n|t:|1788274103\n|-terastallize|p1a: Garganacl|Ghost\n|move|p2a: Vaporeon|Scald|p1a: Garganacl\n|-damage|p1a: Garganacl|0 fnt\n|faint|p1a: Garganacl\n|\n|-heal|p2a: Vaporeon|15/100|[from] item: Leftovers\n|upkeep\n|\n|t:|1788274107\n|switch|p1a: Deoxys|Deoxys-Speed|100/100\n|-ability|p1a: Deoxys|Pressure\n|turn|26\n|\n|t:|1788274111\n|move|p1a: Deoxys|Superpower|p2a: Vaporeon\n|-damage|p2a: Vaporeon|0 fnt\n|-unboost|p1a: Deoxys|atk|1\n|-unboost|p1a: Deoxys|def|1\n|faint|p2a: Vaporeon\n|\n|upkeep\n|\n|t:|1788274113\n|switch|p2a: Kingambit|Kingambit, M|100/100\n|-activate|p2a: Kingambit|ability: Supreme Overlord\n|-start|p2a: Kingambit|fallen5|[silent]\n|turn|27\n|\n|t:|1788274116\n|switch|p1a: Ting-Lu|Ting-Lu|22/100\n|-ability|p1a: Ting-Lu|Vessel of Ruin\n|move|p2a: Kingambit|Sucker Punch||[still]\n|-fail|p2a: Kingambit\n|\n|-heal|p1a: Ting-Lu|28/100|[from] item: Leftovers\n|upkeep\n|turn|28\n|\n|t:|1788274122\n|move|p2a: Kingambit|Low Kick|p1a: Ting-Lu\n|-supereffective|p1a: Ting-Lu\n|-damage|p1a: Ting-Lu|0 fnt\n|faint|p1a: Ting-Lu\n|\n|upkeep\n|\n|t:|1788274125\n|switch|p1a: Deoxys|Deoxys-Speed|100/100\n|-ability|p1a: Deoxys|Pressure\n|turn|29\n|\n|t:|1788274129\n|move|p2a: Kingambit|Sucker Punch|p1a: Deoxys\n|-supereffective|p1a: Deoxys\n|-damage|p1a: Deoxys|0 fnt\n|faint|p1a: Deoxys\n|\n|win|big wick\n|raw|brockssocks3's rating: 1420 &rarr; <strong>1401</strong><br />(-19 for losing)\n|raw|big wick's rating: 1431 &rarr; <strong>1450</strong><br />(+19 for winning)\n|l|\u2606brockssocks3\n|player|p1|\n|l|\u2606big wick\n|player|p2|\n", "uploadtime": 1788274333, "views": "2", "formatid": "gen9ou", "rating": 1401, "private": 0, "password": null}