{"id": "gen9ou-2674068371", "format": "[Gen 9] OU", "players": ["Niavra", "kangarooteam1"], "log": "|badge|p1|silver|gen9monotype|30-10\n|uhtml|medal-msg|<div class=\"broadcast-blue\">Curious what those medals under the avatar are? PS now has Ladder Seasons! For more information, check out the <a href=\"https://www.smogon.com/forums/threads/3740067/\">thread on Smogon.</a></div>\n|j|\u2606Niavra\n|j|\u2606kangarooteam1\n|t:|1788294857\n|gametype|singles\n|player|p1|Niavra|poppy|1671\n|player|p2|kangarooteam1|1|1686\n|gen|9\n|tier|[Gen 9] OU\n|rated|\n|rule|HP Percentage Mod: HP is shown in percentages\n|rule|Endless Battle Clause: Forcing endless battles is banned\n|rule|Species Clause: Limit one of each Pok\u00e9mon\n|rule|OHKO Clause: OHKO moves are banned\n|rule|Evasion Items Clause: Evasion items are banned\n|rule|Evasion Moves Clause: Evasion moves are banned\n|rule|Evasion Abilities Clause: Evasion abilities are banned\n|rule|Sleep Moves Clause: Sleep-inducing moves are banned\n|clearpoke\n|poke|p1|Tyranitar, F|\n|poke|p1|Corviknight, F|\n|poke|p1|Great Tusk|\n|poke|p1|Dragapult, M|\n|poke|p1|Excadrill, F|\n|poke|p1|Ogerpon-Cornerstone, F|\n|poke|p2|Great Tusk|\n|poke|p2|Gholdengo|\n|poke|p2|Raging Bolt|\n|poke|p2|Iron Valiant|\n|poke|p2|Ogerpon-Wellspring, F|\n|poke|p2|Kingambit, F|\n|teampreview\n|inactive|Battle timer is ON: inactive players will automatically lose when time's up. (requested by Niavra)\n|inactive|kangarooteam1 also wants the timer to be on.\n|\n|t:|1788294865\n|teamsize|p1|6\n|teamsize|p2|6\n|start\n|switch|p1a: Dragapult|Dragapult, M|100/100\n|switch|p2a: Ogerpon|Ogerpon-Wellspring, F|100/100\n|turn|1\n|\n|t:|1788294869\n|switch|p2a: Kingambit|Kingambit, F|100/100\n|move|p1a: Dragapult|U-turn|p2a: Kingambit\n|-damage|p2a: Kingambit|89/100\n|\n|t:|1788294873\n|switch|p1a: Great Tusk|Great Tusk|100/100|[from] U-turn\n|-enditem|p1a: Great Tusk|Booster Energy\n|-activate|p1a: Great Tusk|ability: Protosynthesis|[fromitem]\n|-start|p1a: Great Tusk|protosynthesisatk\n|\n|-heal|p2a: Kingambit|95/100|[from] item: Leftovers\n|upkeep\n|turn|2\n|\n|t:|1788294874\n|-end|p2a: Kingambit|fallenundefined|[silent]\n|switch|p2a: Gholdengo|Gholdengo|100/100\n|-item|p2a: Gholdengo|Air Balloon\n|move|p1a: Great Tusk|Rapid Spin|p2a: Gholdengo\n|-immune|p2a: Gholdengo\n|\n|upkeep\n|turn|3\n|\n|t:|1788294877\n|move|p1a: Great Tusk|Temper Flare|p2a: Gholdengo\n|-supereffective|p2a: Gholdengo\n|-damage|p2a: Gholdengo|0 fnt\n|-enditem|p2a: Gholdengo|Air Balloon\n|faint|p2a: Gholdengo\n|\n|upkeep\n|\n|t:|1788294879\n|switch|p2a: Ogerpon|Ogerpon-Wellspring, F|100/100\n|turn|4\n|\n|t:|1788294882\n|-end|p1a: Great Tusk|Protosynthesis|[silent]\n|switch|p1a: Corviknight|Corviknight, F|100/100\n|-ability|p1a: Corviknight|Pressure\n|move|p2a: Ogerpon|Ivy Cudgel|p1a: Corviknight|[anim] Ivy Cudgel Water\n|-damage|p1a: Corviknight|62/100\n|\n|upkeep\n|turn|5\n|\n|t:|1788294887\n|-terastallize|p2a: Ogerpon|Water\n|detailschange|p2a: Ogerpon|Ogerpon-Wellspring-Tera, F, tera:Water\n|-ability|p2a: Ogerpon|Embody Aspect (Wellspring)|boost\n|-boost|p2a: Ogerpon|spd|1\n|move|p2a: Ogerpon|Ivy Cudgel|p1a: Corviknight|[anim] Ivy Cudgel Water\n|-damage|p1a: Corviknight|13/100\n|move|p1a: Corviknight|U-turn|p2a: Ogerpon\n|-damage|p2a: Ogerpon|83/100\n|\n|t:|1788294890\n|switch|p1a: Tyranitar|Tyranitar, F|100/100|[from] U-turn\n|-weather|Sandstorm|[from] ability: Sand Stream|[of] p1a: Tyranitar\n|\n|-weather|Sandstorm|[upkeep]\n|-damage|p2a: Ogerpon|77/100|[from] Sandstorm\n|upkeep\n|turn|6\n|\n|t:|1788294896\n|switch|p1a: Corviknight|Corviknight, F|13/100\n|-ability|p1a: Corviknight|Pressure\n|move|p2a: Ogerpon|Ivy Cudgel|p1a: Corviknight|[anim] Ivy Cudgel Water\n|-damage|p1a: Corviknight|0 fnt\n|faint|p1a: Corviknight\n|\n|-weather|Sandstorm|[upkeep]\n|-damage|p2a: Ogerpon|71/100|[from] Sandstorm\n|upkeep\n|\n|t:|1788294900\n|switch|p1a: Excadrill|Excadrill, F|100/100\n|turn|7\n|\n|t:|1788294902\n|switch|p2a: Great Tusk|Great Tusk|100/100\n|move|p1a: Excadrill|Earthquake|p2a: Great Tusk\n|-damage|p2a: Great Tusk|66/100\n|\n|-weather|Sandstorm|[upkeep]\n|-heal|p2a: Great Tusk|73/100|[from] item: Leftovers\n|upkeep\n|turn|8\n|\n|t:|1788294908\n|switch|p1a: Great Tusk|Great Tusk|100/100\n|move|p2a: Great Tusk|Earthquake|p1a: Great Tusk\n|-damage|p1a: Great Tusk|67/100\n|\n|-weather|Sandstorm|[upkeep]\n|-heal|p2a: Great Tusk|79/100|[from] item: Leftovers\n|upkeep\n|turn|9\n|\n|t:|1788294912\n|move|p1a: Great Tusk|Rapid Spin|p2a: Great Tusk\n|-damage|p2a: Great Tusk|70/100\n|-boost|p1a: Great Tusk|spe|1\n|move|p2a: Great Tusk|Earthquake|p1a: Great Tusk\n|-damage|p1a: Great Tusk|37/100\n|\n|-weather|Sandstorm|[upkeep]\n|-heal|p2a: Great Tusk|76/100|[from] item: Leftovers\n|upkeep\n|turn|10\n|\n|t:|1788294916\n|move|p1a: Great Tusk|Ice Spinner|p2a: Great Tusk\n|-supereffective|p2a: Great Tusk\n|-damage|p2a: Great Tusk|47/100\n|move|p2a: Great Tusk|Earthquake|p1a: Great Tusk\n|-damage|p1a: Great Tusk|5/100\n|\n|-weather|Sandstorm|[upkeep]\n|-heal|p2a: Great Tusk|53/100|[from] item: Leftovers\n|upkeep\n|turn|11\n|\n|t:|1788294919\n|move|p1a: Great Tusk|Headlong Rush|p2a: Great Tusk\n|-damage|p2a: Great Tusk|19/100\n|-unboost|p1a: Great Tusk|def|1\n|-unboost|p1a: Great Tusk|spd|1\n|move|p2a: Great Tusk|Rapid Spin|p1a: Great Tusk\n|-damage|p1a: Great Tusk|0 fnt\n|-boost|p2a: Great Tusk|spe|1\n|faint|p1a: Great Tusk\n|-end|p1a: Great Tusk|Protosynthesis|[silent]\n|\n|-weather|Sandstorm|[upkeep]\n|-heal|p2a: Great Tusk|25/100|[from] item: Leftovers\n|upkeep\n|\n|t:|1788294923\n|switch|p1a: Excadrill|Excadrill, F|100/100\n|turn|12\n|\n|t:|1788294925\n|move|p1a: Excadrill|Earthquake|p2a: Great Tusk\n|-damage|p2a: Great Tusk|0 fnt\n|faint|p2a: Great Tusk\n|-end|p2a: Great Tusk|Protosynthesis|[silent]\n|\n|-weather|none\n|upkeep\n|\n|t:|1788294926\n|switch|p2a: Ogerpon|Ogerpon-Wellspring-Tera, F, tera:Water|71/100\n|-ability|p2a: Ogerpon|Embody Aspect (Wellspring)|boost\n|-boost|p2a: Ogerpon|spd|1\n|turn|13\n|\n|t:|1788294930\n|switch|p1a: Tyranitar|Tyranitar, F|100/100\n|-weather|Sandstorm|[from] ability: Sand Stream|[of] p1a: Tyranitar\n|move|p2a: Ogerpon|Ivy Cudgel|p1a: Tyranitar|[anim] Ivy Cudgel Water\n|-supereffective|p1a: Tyranitar\n|-damage|p1a: Tyranitar|0 fnt\n|faint|p1a: Tyranitar\n|\n|-weather|Sandstorm|[upkeep]\n|-damage|p2a: Ogerpon|65/100|[from] Sandstorm\n|upkeep\n|\n|t:|1788294932\n|switch|p1a: Excadrill|Excadrill, F|100/100\n|turn|14\n|\n|t:|1788294936\n|move|p1a: Excadrill|Earthquake|p2a: Ogerpon\n|-damage|p2a: Ogerpon|0 fnt\n|faint|p2a: Ogerpon\n|detailschange|p2: Ogerpon|Ogerpon-Wellspring, F|[silent]\n|\n|-weather|Sandstorm|[upkeep]\n|upkeep\n|\n|t:|1788294937\n|switch|p2a: Kingambit|Kingambit, F|95/100\n|-activate|p2a: Kingambit|ability: Supreme Overlord\n|-start|p2a: Kingambit|fallen3|[silent]\n|turn|15\n|\n|t:|1788294941\n|-terastallize|p1a: Excadrill|Ground\n|move|p2a: Kingambit|Sucker Punch|p1a: Excadrill\n|-damage|p1a: Excadrill|30/100\n|move|p1a: Excadrill|Earthquake|p2a: Kingambit\n|-supereffective|p2a: Kingambit\n|-damage|p2a: Kingambit|0 fnt\n|faint|p2a: Kingambit\n|-end|p2a: Kingambit|fallen3|[silent]\n|\n|-weather|Sandstorm|[upkeep]\n|upkeep\n|\n|t:|1788294942\n|switch|p2a: Iron Valiant|Iron Valiant|100/100\n|-enditem|p2a: Iron Valiant|Booster Energy\n|-activate|p2a: Iron Valiant|ability: Quark Drive|[fromitem]\n|-start|p2a: Iron Valiant|quarkdrivespe\n|turn|16\n|\n|t:|1788294945\n|move|p1a: Excadrill|Iron Head|p2a: Iron Valiant\n|-supereffective|p2a: Iron Valiant\n|-damage|p2a: Iron Valiant|0 fnt\n|faint|p2a: Iron Valiant\n|-end|p2a: Iron Valiant|Quark Drive|[silent]\n|\n|-weather|Sandstorm|[upkeep]\n|upkeep\n|\n|t:|1788294945\n|switch|p2a: Raging Bolt|Raging Bolt|100/100\n|turn|17\n|\n|t:|1788294947\n|move|p1a: Excadrill|Earthquake|p2a: Raging Bolt\n|-supereffective|p2a: Raging Bolt\n|-damage|p2a: Raging Bolt|0 fnt\n|faint|p2a: Raging Bolt\n|-end|p2a: Raging Bolt|Protosynthesis|[silent]\n|\n|win|Niavra\n|raw|Niavra's rating: 1671 &rarr; <strong>1692</strong><br />(+21 for winning)\n|raw|kangarooteam1's rating: 1686 &rarr; <strong>1665</strong><br />(-21 for losing)\n", "uploadtime": 1788294947, "views": "1", "formatid": "gen9ou", "rating": 1665, "private": 0, "password": null}