{"id": "gen9ou-2673868400", "format": "[Gen 9] OU", "players": ["lityl", "BlackStar150520"], "log": "|badge|p1|bronze|gen9ubers|100-10\n|uhtml|medal-msg|<div class=\"broadcast-blue\">Curious what those medals under the avatar are? PS now has Ladder Seasons! For more information, check out the <a href=\"https://www.smogon.com/forums/threads/3740067/\">thread on Smogon.</a></div>\n|j|\u2606lityl\n|j|\u2606BlackStar150520\n|t:|1788270841\n|gametype|singles\n|player|p1|lityl|169|1673\n|player|p2|BlackStar150520|unknown|1673\n|gen|9\n|tier|[Gen 9] OU\n|rated|\n|rule|HP Percentage Mod: HP is shown in percentages\n|rule|Endless Battle Clause: Forcing endless battles is banned\n|rule|Species Clause: Limit one of each Pok\u00e9mon\n|rule|OHKO Clause: OHKO moves are banned\n|rule|Evasion Items Clause: Evasion items are banned\n|rule|Evasion Moves Clause: Evasion moves are banned\n|rule|Evasion Abilities Clause: Evasion abilities are banned\n|rule|Sleep Moves Clause: Sleep-inducing moves are banned\n|clearpoke\n|poke|p1|Tyranitar, F|\n|poke|p1|Excadrill, M|\n|poke|p1|Pecharunt|\n|poke|p1|Moltres|\n|poke|p1|Garganacl, F|\n|poke|p1|Zamazenta-*|\n|poke|p2|Kingambit, M|\n|poke|p2|Iron Valiant|\n|poke|p2|Cinderace, F|\n|poke|p2|Raging Bolt|\n|poke|p2|Ogerpon-Wellspring, F|\n|poke|p2|Garchomp, M|\n|teampreview\n|inactive|Battle timer is ON: inactive players will automatically lose when time's up. (requested by BlackStar150520)\n|\n|t:|1788270856\n|teamsize|p1|6\n|teamsize|p2|6\n|start\n|switch|p1a: Pecharunt|Pecharunt|100/100\n|switch|p2a: \ud83e\udd88|Garchomp, M, shiny|100/100\n|turn|1\n|\n|t:|1788270866\n|move|p2a: \ud83e\udd88|Earthquake|p1a: Pecharunt\n|-supereffective|p1a: Pecharunt\n|-damage|p1a: Pecharunt|47/100\n|-damage|p2a: \ud83e\udd88|91/100|[from] item: Life Orb\n|move|p1a: Pecharunt|Parting Shot|p2a: \ud83e\udd88\n|-unboost|p2a: \ud83e\udd88|atk|1\n|-unboost|p2a: \ud83e\udd88|spa|1\n|\n|t:|1788270882\n|switch|p1a: Moltres|Moltres|100/100|[from] Parting Shot\n|\n|upkeep\n|turn|2\n|c|\u2606lityl|how tf you did only 54%?\n|inactive|lityl has 120 seconds left.\n|c|\u2606lityl|you have to be 0 atk for that damage lol\n|\n|t:|1788270914\n|switch|p2a: BunnyGirlSenpai|Cinderace, F|100/100\n|switch|p1a: Zamazenta|Zamazenta|100/100\n|-ability|p1a: Zamazenta|Dauntless Shield|boost\n|-boost|p1a: Zamazenta|def|1\n|\n|upkeep\n|turn|3\n|\n|t:|1788270918\n|move|p1a: Zamazenta|Substitute|p1a: Zamazenta\n|-start|p1a: Zamazenta|Substitute\n|-damage|p1a: Zamazenta|76/100\n|move|p2a: BunnyGirlSenpai|Will-O-Wisp||[still]\n|-fail|p2a: BunnyGirlSenpai\n|\n|-heal|p1a: Zamazenta|82/100|[from] item: Leftovers\n|upkeep\n|turn|4\n|\n|t:|1788270924\n|move|p1a: Zamazenta|Body Press|p2a: BunnyGirlSenpai\n|-damage|p2a: BunnyGirlSenpai|31/100\n|move|p2a: BunnyGirlSenpai|U-turn|p1a: Zamazenta\n|-resisted|p1a: Zamazenta\n|-activate|p1a: Zamazenta|move: Substitute|[damage]\n|\n|t:|1788270931\n|switch|p2a: Hero|Iron Valiant|100/100|[from] U-turn\n|-enditem|p2a: Hero|Booster Energy\n|-activate|p2a: Hero|ability: Quark Drive|[fromitem]\n|-start|p2a: Hero|quarkdrivespe\n|\n|-heal|p1a: Zamazenta|88/100|[from] item: Leftovers\n|upkeep\n|turn|5\n|\n|t:|1788270936\n|move|p2a: Hero|Moonblast|p1a: Zamazenta\n|-supereffective|p1a: Zamazenta\n|-end|p1a: Zamazenta|Substitute\n|move|p1a: Zamazenta|Body Press|p2a: Hero\n|-resisted|p2a: Hero\n|-damage|p2a: Hero|65/100\n|\n|-heal|p1a: Zamazenta|94/100|[from] item: Leftovers\n|upkeep\n|turn|6\n|\n|t:|1788270941\n|-end|p2a: Hero|Quark Drive|[silent]\n|switch|p2a: \ud83c\udfad|Ogerpon-Wellspring, F|100/100\n|switch|p1a: Moltres|Moltres|100/100\n|\n|upkeep\n|turn|7\n|\n|t:|1788270949\n|switch|p1a: Zamazenta|Zamazenta|94/100\n|move|p2a: \ud83c\udfad|Knock Off|p1a: Zamazenta\n|-resisted|p1a: Zamazenta\n|-damage|p1a: Zamazenta|79/100\n|-enditem|p1a: Zamazenta|Leftovers|[from] move: Knock Off|[of] p2a: \ud83c\udfad\n|\n|upkeep\n|turn|8\n|\n|t:|1788270955\n|switch|p1a: Pecharunt|Pecharunt|47/100\n|move|p2a: \ud83c\udfad|Encore||[still]\n|-fail|p2a: \ud83c\udfad\n|\n|upkeep\n|turn|9\n|\n|t:|1788270958\n|move|p2a: \ud83c\udfad|Knock Off|p1a: Pecharunt\n|-supereffective|p1a: Pecharunt\n|-damage|p1a: Pecharunt|9/100\n|-enditem|p1a: Pecharunt|Heavy-Duty Boots|[from] move: Knock Off|[of] p2a: \ud83c\udfad\n|move|p1a: Pecharunt|Recover|p1a: Pecharunt\n|-heal|p1a: Pecharunt|59/100\n|\n|upkeep\n|turn|10\n|\n|t:|1788270962\n|move|p2a: \ud83c\udfad|Ivy Cudgel|p1a: Pecharunt|[anim] Ivy Cudgel Water\n|-damage|p1a: Pecharunt|28/100\n|move|p1a: Pecharunt|Recover|p1a: Pecharunt\n|-heal|p1a: Pecharunt|78/100\n|\n|upkeep\n|turn|11\n|\n|t:|1788270965\n|move|p2a: \ud83c\udfad|Encore|p1a: Pecharunt\n|-start|p1a: Pecharunt|Encore\n|move|p1a: Pecharunt|Recover|p1a: Pecharunt\n|-heal|p1a: Pecharunt|100/100\n|\n|upkeep\n|turn|12\n|\n|t:|1788270968\n|switch|p1a: Zamazenta|Zamazenta|79/100\n|move|p2a: \ud83c\udfad|Ivy Cudgel|p1a: Zamazenta|[anim] Ivy Cudgel Water\n|-damage|p1a: Zamazenta|36/100\n|\n|upkeep\n|turn|13\n|\n|t:|1788270975\n|move|p1a: Zamazenta|Iron Defense|p1a: Zamazenta\n|-boost|p1a: Zamazenta|def|2\n|move|p2a: \ud83c\udfad|Ivy Cudgel|p1a: Zamazenta|[anim] Ivy Cudgel Water\n|-damage|p1a: Zamazenta|14/100\n|\n|upkeep\n|turn|14\n|\n|t:|1788270982\n|move|p1a: Zamazenta|Iron Defense|p1a: Zamazenta\n|-boost|p1a: Zamazenta|def|2\n|move|p2a: \ud83c\udfad|Ivy Cudgel|p1a: Zamazenta|[anim] Ivy Cudgel Water\n|-crit|p1a: Zamazenta\n|-damage|p1a: Zamazenta|0 fnt\n|faint|p1a: Zamazenta\n|\n|upkeep\n|\n|t:|1788270986\n|switch|p1a: Tyranitar|Tyranitar, F|100/100\n|-weather|Sandstorm|[from] ability: Sand Stream|[of] p1a: Tyranitar\n|turn|15\n|\n|t:|1788270993\n|switch|p1a: Pecharunt|Pecharunt|100/100\n|move|p2a: \ud83c\udfad|Ivy Cudgel|p1a: Pecharunt|[anim] Ivy Cudgel Water\n|-damage|p1a: Pecharunt|70/100\n|\n|-weather|Sandstorm|[upkeep]\n|-damage|p2a: \ud83c\udfad|95/100|[from] Sandstorm\n|-damage|p1a: Pecharunt|64/100|[from] Sandstorm\n|upkeep\n|turn|16\n|\n|t:|1788270996\n|move|p2a: \ud83c\udfad|U-turn|p1a: Pecharunt\n|-resisted|p1a: Pecharunt\n|-damage|p1a: Pecharunt|61/100\n|\n|t:|1788270999\n|switch|p2a: Aizen\ud83d\udde1\ufe0f|Kingambit, M, shiny|100/100|[from] U-turn\n|move|p1a: Pecharunt|Parting Shot|p2a: Aizen\ud83d\udde1\ufe0f\n|-unboost|p2a: Aizen\ud83d\udde1\ufe0f|atk|1\n|-unboost|p2a: Aizen\ud83d\udde1\ufe0f|spa|1\n|\n|t:|1788271012\n|switch|p1a: Tyranitar|Tyranitar, F|100/100|[from] Parting Shot\n|\n|-weather|Sandstorm|[upkeep]\n|upkeep\n|turn|17\n|\n|t:|1788271017\n|-end|p2a: Aizen\ud83d\udde1\ufe0f|fallenundefined|[silent]\n|switch|p2a: \ud83e\udd88|Garchomp, M, shiny|91/100\n|move|p1a: Tyranitar|Low Kick|p2a: \ud83e\udd88\n|-damage|p2a: \ud83e\udd88|45/100\n|-damage|p1a: Tyranitar|88/100|[from] ability: Rough Skin|[of] p2a: \ud83e\udd88\n|\n|-weather|Sandstorm|[upkeep]\n|upkeep\n|turn|18\n|\n|t:|1788271021\n|switch|p1a: Moltres|Moltres|100/100\n|move|p2a: \ud83e\udd88|Draco Meteor|p1a: Moltres\n|-damage|p1a: Moltres|52/100\n|-unboost|p2a: \ud83e\udd88|spa|2\n|-damage|p2a: \ud83e\udd88|36/100|[from] item: Life Orb\n|\n|-weather|Sandstorm|[upkeep]\n|-damage|p1a: Moltres|46/100|[from] Sandstorm\n|upkeep\n|turn|19\n|\n|t:|1788271024\n|switch|p2a: \ud83c\udfad|Ogerpon-Wellspring, F|95/100\n|move|p1a: Moltres|Roost|p1a: Moltres\n|-heal|p1a: Moltres|96/100\n|-singleturn|p1a: Moltres|move: Roost\n|\n|-weather|none\n|upkeep\n|turn|20\n|\n|t:|1788271030\n|-terastallize|p1a: Moltres|Water\n|move|p2a: \ud83c\udfad|U-turn|p1a: Moltres\n|-damage|p1a: Moltres|70/100\n|-status|p2a: \ud83c\udfad|brn|[from] ability: Flame Body|[of] p1a: Moltres\n|\n|t:|1788271033\n|switch|p2a: BunnyGirlSenpai|Cinderace, F|31/100|[from] U-turn\n|move|p1a: Moltres|Flamethrower|p2a: BunnyGirlSenpai\n|-resisted|p2a: BunnyGirlSenpai\n|-damage|p2a: BunnyGirlSenpai|7/100\n|\n|upkeep\n|turn|21\n|\n|t:|1788271036\n|move|p2a: BunnyGirlSenpai|Will-O-Wisp|p1a: Moltres\n|-status|p1a: Moltres|brn\n|move|p1a: Moltres|Roost|p1a: Moltres\n|-heal|p1a: Moltres|100/100 brn\n|\n|-damage|p1a: Moltres|94/100 brn|[from] brn\n|upkeep\n|turn|22\n|\n|t:|1788271040\n|move|p2a: BunnyGirlSenpai|U-turn|p1a: Moltres\n|-damage|p1a: Moltres|79/100 brn\n|\n|t:|1788271042\n|switch|p2a: \ud83c\udfad|Ogerpon-Wellspring, F|95/100 brn|[from] U-turn\n|move|p1a: Moltres|U-turn|p2a: \ud83c\udfad\n|-supereffective|p2a: \ud83c\udfad\n|-damage|p2a: \ud83c\udfad|76/100 brn\n|\n|t:|1788271044\n|switch|p1a: Pecharunt|Pecharunt|61/100|[from] U-turn\n|\n|-damage|p2a: \ud83c\udfad|70/100 brn|[from] brn\n|upkeep\n|turn|23\n|\n|t:|1788271048\n|move|p2a: \ud83c\udfad|Knock Off|p1a: Pecharunt\n|-supereffective|p1a: Pecharunt\n|-damage|p1a: Pecharunt|48/100\n|move|p1a: Pecharunt|Recover|p1a: Pecharunt\n|-heal|p1a: Pecharunt|98/100\n|\n|-damage|p2a: \ud83c\udfad|64/100 brn|[from] brn\n|upkeep\n|turn|24\n|\n|t:|1788271050\n|switch|p1a: Moltres|Moltres, tera:Water|79/100 brn\n|move|p2a: \ud83c\udfad|Encore||[still]\n|-fail|p2a: \ud83c\udfad\n|\n|-damage|p2a: \ud83c\udfad|58/100 brn|[from] brn\n|-damage|p1a: Moltres|73/100 brn|[from] brn\n|upkeep\n|turn|25\n|\n|t:|1788271053\n|move|p2a: \ud83c\udfad|Knock Off|p1a: Moltres\n|-crit|p1a: Moltres\n|-damage|p1a: Moltres|49/100 brn\n|-enditem|p1a: Moltres|Heavy-Duty Boots|[from] move: Knock Off|[of] p2a: \ud83c\udfad\n|move|p1a: Moltres|Roost|p1a: Moltres\n|-heal|p1a: Moltres|99/100 brn\n|\n|-damage|p2a: \ud83c\udfad|52/100 brn|[from] brn\n|-damage|p1a: Moltres|93/100 brn|[from] brn\n|upkeep\n|turn|26\n|\n|t:|1788271055\n|switch|p1a: Pecharunt|Pecharunt|98/100\n|move|p2a: \ud83c\udfad|Encore||[still]\n|-fail|p2a: \ud83c\udfad\n|\n|-damage|p2a: \ud83c\udfad|46/100 brn|[from] brn\n|upkeep\n|turn|27\n|\n|t:|1788271059\n|move|p2a: \ud83c\udfad|U-turn|p1a: Pecharunt\n|-resisted|p1a: Pecharunt\n|-damage|p1a: Pecharunt|96/100\n|\n|t:|1788271061\n|switch|p2a: Aizen\ud83d\udde1\ufe0f|Kingambit, M, shiny|100/100|[from] U-turn\n|move|p1a: Pecharunt|Malignant Chain|p2a: Aizen\ud83d\udde1\ufe0f\n|-immune|p2a: Aizen\ud83d\udde1\ufe0f\n|\n|upkeep\n|turn|28\n|\n|t:|1788271065\n|-end|p2a: Aizen\ud83d\udde1\ufe0f|fallenundefined|[silent]\n|switch|p2a: BunnyGirlSenpai|Cinderace, F|7/100\n|move|p1a: Pecharunt|Parting Shot|p2a: BunnyGirlSenpai\n|-unboost|p2a: BunnyGirlSenpai|atk|1\n|-unboost|p2a: BunnyGirlSenpai|spa|1\n|\n|t:|1788271068\n|switch|p1a: Garganacl|Garganacl, F|100/100|[from] Parting Shot\n|\n|upkeep\n|turn|29\n|\n|t:|1788271072\n|move|p2a: BunnyGirlSenpai|U-turn|p1a: Garganacl\n|-damage|p1a: Garganacl|93/100\n|\n|t:|1788271073\n|switch|p2a: \ud83c\udfad|Ogerpon-Wellspring, F|46/100 brn|[from] U-turn\n|move|p1a: Garganacl|Salt Cure|p2a: \ud83c\udfad\n|-damage|p2a: \ud83c\udfad|29/100 brn\n|-start|p2a: \ud83c\udfad|Salt Cure\n|\n|-heal|p1a: Garganacl|99/100|[from] item: Leftovers\n|-damage|p2a: \ud83c\udfad|23/100 brn|[from] brn\n|-damage|p2a: \ud83c\udfad|0 fnt|[from] Salt Cure\n|faint|p2a: \ud83c\udfad\n|upkeep\n|\n|t:|1788271077\n|switch|p2a: \ud83e\udd88|Garchomp, M, shiny|36/100\n|turn|30\n|j| Puyu paz\n|\n|t:|1788271084\n|switch|p1a: Excadrill|Excadrill, M|100/100\n|-item|p1a: Excadrill|Air Balloon\n|move|p2a: \ud83e\udd88|Earthquake|p1a: Excadrill\n|-immune|p1a: Excadrill\n|\n|upkeep\n|turn|31\n|\n|t:|1788271086\n|switch|p1a: Moltres|Moltres, tera:Water|93/100 brn\n|move|p2a: \ud83e\udd88|Flamethrower|p1a: Moltres\n|-resisted|p1a: Moltres\n|-damage|p1a: Moltres|81/100 brn\n|-damage|p2a: \ud83e\udd88|26/100|[from] item: Life Orb\n|\n|-damage|p1a: Moltres|75/100 brn|[from] brn\n|upkeep\n|turn|32\n|\n|t:|1788271090\n|move|p2a: \ud83e\udd88|Stealth Rock|p1a: Moltres\n|-sidestart|p1: lityl|move: Stealth Rock\n|move|p1a: Moltres|Roost|p1a: Moltres\n|-heal|p1a: Moltres|100/100 brn\n|\n|-damage|p1a: Moltres|94/100 brn|[from] brn\n|upkeep\n|turn|33\n|\n|t:|1788271093\n|switch|p2a: BunnyGirlSenpai|Cinderace, F|7/100\n|move|p1a: Moltres|Flamethrower|p2a: BunnyGirlSenpai\n|-resisted|p2a: BunnyGirlSenpai\n|-damage|p2a: BunnyGirlSenpai|0 fnt\n|faint|p2a: BunnyGirlSenpai\n|\n|-damage|p1a: Moltres|88/100 brn|[from] brn\n|upkeep\n|\n|t:|1788271097\n|switch|p2a: \u26a1\ufe0f|Raging Bolt|100/100\n|turn|34\n|\n|t:|1788271100\n|move|p2a: \u26a1\ufe0f|Dragon Pulse|p1a: Moltres\n|-damage|p1a: Moltres|49/100 brn\n|move|p1a: Moltres|Roar|p2a: \u26a1\ufe0f\n|-end|p2a: \u26a1\ufe0f|Protosynthesis|[silent]\n|drag|p2a: Hero|Iron Valiant|65/100\n|\n|-damage|p1a: Moltres|43/100 brn|[from] brn\n|upkeep\n|turn|35\n|\n|t:|1788271108\n|move|p2a: Hero|Calm Mind|p2a: Hero\n|-boost|p2a: Hero|spa|1\n|-boost|p2a: Hero|spd|1\n|move|p1a: Moltres|Roost|p1a: Moltres\n|-heal|p1a: Moltres|93/100 brn\n|\n|-damage|p1a: Moltres|87/100 brn|[from] brn\n|upkeep\n|turn|36\n|\n|t:|1788271111\n|move|p2a: Hero|Moonblast|p1a: Moltres\n|-damage|p1a: Moltres|33/100 brn\n|move|p1a: Moltres|Roar|p2a: Hero\n|-end|p2a: Hero|Quark Drive|[silent]\n|drag|p2a: \ud83e\udd88|Garchomp, M, shiny|26/100\n|\n|-damage|p1a: Moltres|27/100 brn|[from] brn\n|upkeep\n|turn|37\n|\n|t:|1788271114\n|move|p2a: \ud83e\udd88|Earthquake|p1a: Moltres\n|-damage|p1a: Moltres|0 fnt\n|faint|p1a: Moltres\n|-damage|p2a: \ud83e\udd88|16/100|[from] item: Life Orb\n|\n|upkeep\n|\n|t:|1788271119\n|switch|p1a: Tyranitar|Tyranitar, F|88/100\n|-damage|p1a: Tyranitar|76/100|[from] Stealth Rock\n|-weather|Sandstorm|[from] ability: Sand Stream|[of] p1a: Tyranitar\n|turn|38\n|\n|t:|1788271124\n|switch|p1a: Excadrill|Excadrill, M|100/100\n|-damage|p1a: Excadrill|97/100|[from] Stealth Rock\n|-item|p1a: Excadrill|Air Balloon\n|move|p2a: \ud83e\udd88|Earthquake|p1a: Excadrill\n|-immune|p1a: Excadrill\n|\n|-weather|Sandstorm|[upkeep]\n|upkeep\n|turn|39\n|\n|t:|1788271129\n|switch|p2a: Hero|Iron Valiant|65/100\n|move|p1a: Excadrill|Rapid Spin|p2a: Hero\n|-damage|p2a: Hero|39/100\n|-boost|p1a: Excadrill|spe|1\n|-sideend|p1: lityl|Stealth Rock|[from] move: Rapid Spin|[of] p1a: Excadrill\n|\n|-weather|Sandstorm|[upkeep]\n|-damage|p2a: Hero|33/100|[from] Sandstorm\n|upkeep\n|turn|40\n|\n|t:|1788271132\n|move|p1a: Excadrill|Iron Head|p2a: Hero\n|-supereffective|p2a: Hero\n|-damage|p2a: Hero|0 fnt\n|faint|p2a: Hero\n|-end|p2a: Hero|Quark Drive|[silent]\n|\n|-weather|Sandstorm|[upkeep]\n|upkeep\n|\n|t:|1788271138\n|switch|p2a: Aizen\ud83d\udde1\ufe0f|Kingambit, M, shiny|100/100\n|-activate|p2a: Aizen\ud83d\udde1\ufe0f|ability: Supreme Overlord\n|-start|p2a: Aizen\ud83d\udde1\ufe0f|fallen3|[silent]\n|turn|41\n|\n|t:|1788271141\n|switch|p1a: Tyranitar|Tyranitar, F|76/100\n|move|p2a: Aizen\ud83d\udde1\ufe0f|Low Kick|p1a: Tyranitar\n|-supereffective|p1a: Tyranitar\n|-damage|p1a: Tyranitar|0 fnt\n|faint|p1a: Tyranitar\n|\n|-weather|Sandstorm|[upkeep]\n|upkeep\n|\n|t:|1788271144\n|switch|p1a: Excadrill|Excadrill, M|97/100\n|-item|p1a: Excadrill|Air Balloon\n|turn|42\n|\n|t:|1788271147\n|-terastallize|p2a: Aizen\ud83d\udde1\ufe0f|Ghost\n|move|p1a: Excadrill|Earthquake|p2a: Aizen\ud83d\udde1\ufe0f\n|-damage|p2a: Aizen\ud83d\udde1\ufe0f|59/100\n|move|p2a: Aizen\ud83d\udde1\ufe0f|Low Kick|p1a: Excadrill\n|-supereffective|p1a: Excadrill\n|-damage|p1a: Excadrill|9/100\n|-enditem|p1a: Excadrill|Air Balloon\n|\n|-weather|none\n|-heal|p2a: Aizen\ud83d\udde1\ufe0f|65/100|[from] item: Leftovers\n|upkeep\n|turn|43\n|\n|t:|1788271153\n|switch|p1a: Pecharunt|Pecharunt|96/100\n|move|p2a: Aizen\ud83d\udde1\ufe0f|Sucker Punch||[still]\n|-fail|p2a: Aizen\ud83d\udde1\ufe0f\n|\n|-heal|p2a: Aizen\ud83d\udde1\ufe0f|71/100|[from] item: Leftovers\n|upkeep\n|turn|44\n|\n|t:|1788271159\n|-end|p2a: Aizen\ud83d\udde1\ufe0f|fallen3|[silent]\n|switch|p2a: \u26a1\ufe0f|Raging Bolt|100/100\n|move|p1a: Pecharunt|Shadow Ball|p2a: \u26a1\ufe0f\n|-damage|p2a: \u26a1\ufe0f|76/100\n|\n|-heal|p2a: \u26a1\ufe0f|82/100|[from] item: Leftovers\n|upkeep\n|turn|45\n|\n|t:|1788271167\n|move|p1a: Pecharunt|Malignant Chain|p2a: \u26a1\ufe0f\n|-damage|p2a: \u26a1\ufe0f|52/100\n|-status|p2a: \u26a1\ufe0f|tox\n|-start|p2a: \u26a1\ufe0f|confusion|[from] ability: Poison Puppeteer|[of] p1a: Pecharunt\n|-activate|p2a: \u26a1\ufe0f|confusion\n|move|p2a: \u26a1\ufe0f|Dragon Pulse|p1a: Pecharunt\n|-damage|p1a: Pecharunt|43/100\n|\n|-heal|p2a: \u26a1\ufe0f|58/100 tox|[from] item: Leftovers\n|-damage|p2a: \u26a1\ufe0f|52/100 tox|[from] psn\n|upkeep\n|turn|46\n|\n|t:|1788271174\n|-end|p2a: \u26a1\ufe0f|Protosynthesis|[silent]\n|switch|p2a: \ud83e\udd88|Garchomp, M, shiny|16/100\n|move|p1a: Pecharunt|Recover|p1a: Pecharunt\n|-heal|p1a: Pecharunt|93/100\n|\n|upkeep\n|turn|47\n|\n|t:|1788271183\n|move|p2a: \ud83e\udd88|Stealth Rock|p1a: Pecharunt\n|-sidestart|p1: lityl|move: Stealth Rock\n|move|p1a: Pecharunt|Recover|p1a: Pecharunt\n|-heal|p1a: Pecharunt|100/100\n|\n|upkeep\n|turn|48\n|\n|t:|1788271189\n|move|p2a: \ud83e\udd88|Draco Meteor|p1a: Pecharunt\n|-damage|p1a: Pecharunt|36/100\n|-unboost|p2a: \ud83e\udd88|spa|2\n|-damage|p2a: \ud83e\udd88|6/100|[from] item: Life Orb\n|move|p1a: Pecharunt|Recover|p1a: Pecharunt\n|-heal|p1a: Pecharunt|86/100\n|\n|upkeep\n|turn|49\n|\n|t:|1788271195\n|switch|p2a: \u26a1\ufe0f|Raging Bolt|52/100 tox\n|move|p1a: Pecharunt|Recover|p1a: Pecharunt\n|-heal|p1a: Pecharunt|100/100\n|\n|-heal|p2a: \u26a1\ufe0f|58/100 tox|[from] item: Leftovers\n|-damage|p2a: \u26a1\ufe0f|52/100 tox|[from] psn\n|upkeep\n|turn|50\n|\n|t:|1788271199\n|move|p1a: Pecharunt|Parting Shot|p2a: \u26a1\ufe0f\n|-unboost|p2a: \u26a1\ufe0f|atk|1\n|-unboost|p2a: \u26a1\ufe0f|spa|1\n|\n|t:|1788271201\n|switch|p1a: Garganacl|Garganacl, F|99/100|[from] Parting Shot\n|-damage|p1a: Garganacl|87/100|[from] Stealth Rock\n|move|p2a: \u26a1\ufe0f|Dragon Pulse|p1a: Garganacl\n|-damage|p1a: Garganacl|64/100\n|\n|-heal|p2a: \u26a1\ufe0f|58/100 tox|[from] item: Leftovers\n|-heal|p1a: Garganacl|70/100|[from] item: Leftovers\n|-damage|p2a: \u26a1\ufe0f|46/100 tox|[from] psn\n|upkeep\n|turn|51\n|\n|t:|1788271208\n|move|p2a: \u26a1\ufe0f|Thunderbolt|p1a: Garganacl\n|-damage|p1a: Garganacl|44/100\n|move|p1a: Garganacl|Stealth Rock|p2a: \u26a1\ufe0f\n|-sidestart|p2: BlackStar150520|move: Stealth Rock\n|\n|-heal|p2a: \u26a1\ufe0f|52/100 tox|[from] item: Leftovers\n|-heal|p1a: Garganacl|50/100|[from] item: Leftovers\n|-damage|p2a: \u26a1\ufe0f|33/100 tox|[from] psn\n|upkeep\n|turn|52\n|\n|t:|1788271211\n|move|p2a: \u26a1\ufe0f|Calm Mind|p2a: \u26a1\ufe0f\n|-boost|p2a: \u26a1\ufe0f|spa|1\n|-boost|p2a: \u26a1\ufe0f|spd|1\n|move|p1a: Garganacl|Recover|p1a: Garganacl\n|-heal|p1a: Garganacl|100/100\n|\n|-heal|p2a: \u26a1\ufe0f|40/100 tox|[from] item: Leftovers\n|-damage|p2a: \u26a1\ufe0f|15/100 tox|[from] psn\n|upkeep\n|turn|53\n|\n|t:|1788271214\n|move|p2a: \u26a1\ufe0f|Dragon Pulse|p1a: Garganacl\n|-damage|p1a: Garganacl|65/100\n|move|p1a: Garganacl|Recover|p1a: Garganacl\n|-heal|p1a: Garganacl|100/100\n|\n|-heal|p2a: \u26a1\ufe0f|21/100 tox|[from] item: Leftovers\n|-damage|p2a: \u26a1\ufe0f|0 fnt|[from] psn\n|faint|p2a: \u26a1\ufe0f\n|-end|p2a: \u26a1\ufe0f|Protosynthesis|[silent]\n|upkeep\n|\n|t:|1788271218\n|switch|p2a: \ud83e\udd88|Garchomp, M, shiny|6/100\n|-damage|p2a: \ud83e\udd88|0 fnt|[from] Stealth Rock\n|faint|p2a: \ud83e\udd88\n|\n|t:|1788271221\n|switch|p2a: Aizen\ud83d\udde1\ufe0f|Kingambit, M, shiny, tera:Ghost|71/100\n|-damage|p2a: Aizen\ud83d\udde1\ufe0f|58/100|[from] Stealth Rock\n|-activate|p2a: Aizen\ud83d\udde1\ufe0f|ability: Supreme Overlord\n|-start|p2a: Aizen\ud83d\udde1\ufe0f|fallen5|[silent]\n|turn|54\n|\n|t:|1788271234\n|move|p2a: Aizen\ud83d\udde1\ufe0f|Low Kick|p1a: Garganacl\n|-supereffective|p1a: Garganacl\n|-damage|p1a: Garganacl|9/100\n|move|p1a: Garganacl|Salt Cure|p2a: Aizen\ud83d\udde1\ufe0f\n|-damage|p2a: Aizen\ud83d\udde1\ufe0f|48/100\n|-start|p2a: Aizen\ud83d\udde1\ufe0f|Salt Cure\n|\n|-heal|p2a: Aizen\ud83d\udde1\ufe0f|54/100|[from] item: Leftovers\n|-heal|p1a: Garganacl|15/100|[from] item: Leftovers\n|-damage|p2a: Aizen\ud83d\udde1\ufe0f|42/100|[from] Salt Cure\n|upkeep\n|turn|55\n|\n|t:|1788271238\n|move|p2a: Aizen\ud83d\udde1\ufe0f|Swords Dance|p2a: Aizen\ud83d\udde1\ufe0f\n|-boost|p2a: Aizen\ud83d\udde1\ufe0f|atk|2\n|move|p1a: Garganacl|Salt Cure|p2a: Aizen\ud83d\udde1\ufe0f\n|-damage|p2a: Aizen\ud83d\udde1\ufe0f|31/100\n|\n|-heal|p2a: Aizen\ud83d\udde1\ufe0f|37/100|[from] item: Leftovers\n|-heal|p1a: Garganacl|21/100|[from] item: Leftovers\n|-damage|p2a: Aizen\ud83d\udde1\ufe0f|25/100|[from] Salt Cure\n|upkeep\n|turn|56\n|\n|t:|1788271240\n|move|p1a: Garganacl|Protect|p1a: Garganacl\n|-singleturn|p1a: Garganacl|Protect\n|move|p2a: Aizen\ud83d\udde1\ufe0f|Iron Head|p1a: Garganacl\n|-activate|p1a: Garganacl|move: Protect\n|\n|-heal|p2a: Aizen\ud83d\udde1\ufe0f|31/100|[from] item: Leftovers\n|-heal|p1a: Garganacl|27/100|[from] item: Leftovers\n|-damage|p2a: Aizen\ud83d\udde1\ufe0f|18/100|[from] Salt Cure\n|upkeep\n|turn|57\n|\n|t:|1788271245\n|switch|p1a: Excadrill|Excadrill, M|9/100\n|-damage|p1a: Excadrill|6/100|[from] Stealth Rock\n|move|p2a: Aizen\ud83d\udde1\ufe0f|Iron Head|p1a: Excadrill\n|-resisted|p1a: Excadrill\n|-damage|p1a: Excadrill|0 fnt\n|faint|p1a: Excadrill\n|\n|-heal|p2a: Aizen\ud83d\udde1\ufe0f|24/100|[from] item: Leftovers\n|-damage|p2a: Aizen\ud83d\udde1\ufe0f|12/100|[from] Salt Cure\n|upkeep\n|\n|t:|1788271247\n|switch|p1a: Pecharunt|Pecharunt|100/100\n|-damage|p1a: Pecharunt|88/100|[from] Stealth Rock\n|turn|58\n|\n|t:|1788271254\n|move|p1a: Pecharunt|Shadow Ball|p2a: Aizen\ud83d\udde1\ufe0f\n|-supereffective|p2a: Aizen\ud83d\udde1\ufe0f\n|-damage|p2a: Aizen\ud83d\udde1\ufe0f|0 fnt\n|faint|p2a: Aizen\ud83d\udde1\ufe0f\n|-end|p2a: Aizen\ud83d\udde1\ufe0f|fallen5|[silent]\n|\n|win|lityl\n|raw|lityl's rating: 1673 &rarr; <strong>1693</strong><br />(+20 for winning)\n|raw|BlackStar150520's rating: 1673 &rarr; <strong>1653</strong><br />(-20 for losing)\n|l|\u2606BlackStar150520\n|player|p2|\n|c|\u2606lityl|gg\n|l|\u2606lityl\n|player|p1|\n", "uploadtime": 1788271483, "views": "3", "formatid": "gen9ou", "rating": 1653, "private": 0, "password": null}