{"id": "gen9ou-2673917501", "format": "[Gen 9] OU", "players": ["Penguinxdd", "BFO Ethanol"], "log": "|badge|p2|bronze|gen9ubers|100-10\n|uhtml|medal-msg|<div class=\"broadcast-blue\">Curious what those medals under the avatar are? PS now has Ladder Seasons! For more information, check out the <a href=\"https://www.smogon.com/forums/threads/3740067/\">thread on Smogon.</a></div>\n|j|\u2606Penguinxdd\n|j|\u2606BFO Ethanol\n|t:|1788276910\n|gametype|singles\n|player|p1|Penguinxdd|veteran|1452\n|player|p2|BFO Ethanol|wallace-gen6|1454\n|gen|9\n|tier|[Gen 9] OU\n|rated|\n|rule|HP Percentage Mod: HP is shown in percentages\n|rule|Endless Battle Clause: Forcing endless battles is banned\n|rule|Species Clause: Limit one of each Pok\u00e9mon\n|rule|OHKO Clause: OHKO moves are banned\n|rule|Evasion Items Clause: Evasion items are banned\n|rule|Evasion Moves Clause: Evasion moves are banned\n|rule|Evasion Abilities Clause: Evasion abilities are banned\n|rule|Sleep Moves Clause: Sleep-inducing moves are banned\n|clearpoke\n|poke|p1|Hatterene, F|\n|poke|p1|Iron Treads|\n|poke|p1|Volcanion|\n|poke|p1|Gholdengo|\n|poke|p1|Darkrai|\n|poke|p1|Kyurem|\n|poke|p2|Primarina, M|\n|poke|p2|Great Tusk|\n|poke|p2|Enamorus, F|\n|poke|p2|Slowking-Galar, M|\n|poke|p2|Ogerpon, F|\n|poke|p2|Kingambit, M|\n|teampreview\n|j| TeamJodio\n|\n|t:|1788276923\n|teamsize|p1|6\n|teamsize|p2|6\n|start\n|switch|p1a: Darkrai|Darkrai|100/100\n|switch|p2a: Ogerpon|Ogerpon, F|100/100\n|turn|1\n|\n|t:|1788276927\n|-terastallize|p2a: Ogerpon|Grass\n|detailschange|p2a: Ogerpon|Ogerpon-Teal-Tera, F, tera:Grass\n|-ability|p2a: Ogerpon|Embody Aspect (Teal)|boost\n|-boost|p2a: Ogerpon|spe|1\n|move|p1a: Darkrai|Sludge Bomb|p2a: Ogerpon\n|-supereffective|p2a: Ogerpon\n|-damage|p2a: Ogerpon|21/100\n|move|p2a: Ogerpon|U-turn|p1a: Darkrai\n|-supereffective|p1a: Darkrai\n|-damage|p1a: Darkrai|16/100\n|\n|t:|1788276936\n|switch|p2a: Slowking|Slowking-Galar, M, shiny|100/100|[from] U-turn\n|\n|upkeep\n|turn|2\n|\n|t:|1788276940\n|switch|p1a: Iron Treads|Iron Treads|100/100\n|-item|p1a: Iron Treads|Air Balloon\n|move|p2a: Slowking|Flamethrower|p1a: Iron Treads\n|-supereffective|p1a: Iron Treads\n|-damage|p1a: Iron Treads|42/100\n|-enditem|p1a: Iron Treads|Air Balloon\n|\n|upkeep\n|turn|3\n|\n|t:|1788276948\n|move|p1a: Iron Treads|Earthquake|p2a: Slowking\n|-supereffective|p2a: Slowking\n|-damage|p2a: Slowking|33/100\n|move|p2a: Slowking|Flamethrower|p1a: Iron Treads\n|-supereffective|p1a: Iron Treads\n|-damage|p1a: Iron Treads|0 fnt\n|faint|p1a: Iron Treads\n|-end|p1a: Iron Treads|Quark Drive|[silent]\n|\n|upkeep\n|\n|t:|1788276950\n|switch|p1a: Kyurem|Kyurem|100/100\n|-ability|p1a: Kyurem|Pressure\n|turn|4\n|\n|t:|1788276955\n|switch|p2a: Primarina|Primarina, M, shiny|100/100\n|move|p1a: Kyurem|Icicle Spear|p2a: Primarina\n|-resisted|p2a: Primarina\n|-damage|p2a: Primarina|92/100\n|-resisted|p2a: Primarina\n|-damage|p2a: Primarina|83/100\n|-resisted|p2a: Primarina\n|-damage|p2a: Primarina|73/100\n|-resisted|p2a: Primarina\n|-damage|p2a: Primarina|63/100\n|-resisted|p2a: Primarina\n|-damage|p2a: Primarina|54/100\n|-hitcount|p2a: Primarina|5\n|\n|-heal|p2a: Primarina|60/100|[from] item: Leftovers\n|upkeep\n|turn|5\n|\n|t:|1788276960\n|switch|p1a: Volcanion|Volcanion|100/100\n|move|p2a: Primarina|Moonblast|p1a: Volcanion\n|-resisted|p1a: Volcanion\n|-damage|p1a: Volcanion|70/100\n|-unboost|p1a: Volcanion|spa|1\n|\n|-heal|p2a: Primarina|66/100|[from] item: Leftovers\n|upkeep\n|turn|6\n|\n|t:|1788276965\n|switch|p2a: Slowking|Slowking-Galar, M, shiny|66/100\n|move|p1a: Volcanion|Steam Eruption|p2a: Slowking\n|-damage|p2a: Slowking|32/100\n|\n|upkeep\n|turn|7\n|l|\u2606Penguinxdd\n|player|p1|\n|j|\u2606Penguinxdd\n|player|p1|Penguinxdd|veteran|\n|\n|t:|1788276991\n|switch|p2a: Primarina|Primarina, M, shiny|66/100\n|move|p1a: Volcanion|Steam Eruption|p2a: Primarina\n|-resisted|p2a: Primarina\n|-damage|p2a: Primarina|34/100\n|\n|-heal|p2a: Primarina|40/100|[from] item: Leftovers\n|upkeep\n|turn|8\n|\n|t:|1788277002\n|move|p1a: Volcanion|Steam Eruption|p2a: Primarina\n|-resisted|p2a: Primarina\n|-damage|p2a: Primarina|9/100\n|move|p2a: Primarina|Moonblast|p1a: Volcanion\n|-resisted|p1a: Volcanion\n|-damage|p1a: Volcanion|37/100\n|\n|-heal|p2a: Primarina|15/100|[from] item: Leftovers\n|upkeep\n|turn|9\n|\n|t:|1788277004\n|move|p1a: Volcanion|Steam Eruption|p2a: Primarina\n|-resisted|p2a: Primarina\n|-damage|p2a: Primarina|0 fnt\n|faint|p2a: Primarina\n|\n|upkeep\n|\n|t:|1788277007\n|switch|p2a: Ogerpon|Ogerpon-Teal-Tera, F, tera:Grass|21/100\n|-ability|p2a: Ogerpon|Embody Aspect (Teal)|boost\n|-boost|p2a: Ogerpon|spe|1\n|turn|10\n|\n|t:|1788277010\n|move|p2a: Ogerpon|Ivy Cudgel|p1a: Volcanion\n|-damage|p1a: Volcanion|0 fnt\n|faint|p1a: Volcanion\n|\n|upkeep\n|\n|t:|1788277025\n|switch|p1a: Darkrai|Darkrai|16/100\n|turn|11\n|\n|t:|1788277041\n|switch|p1a: Kyurem|Kyurem|100/100\n|-ability|p1a: Kyurem|Pressure\n|switch|p2a: Kingambit|Kingambit, M|100/100\n|-activate|p2a: Kingambit|ability: Supreme Overlord\n|-start|p2a: Kingambit|fallen1|[silent]\n|\n|upkeep\n|turn|12\n|inactive|Battle timer is ON: inactive players will automatically lose when time's up. (requested by Penguinxdd)\n|\n|t:|1788277058\n|-terastallize|p1a: Kyurem|Fairy\n|move|p1a: Kyurem|Focus Blast|p2a: Kingambit|[miss]\n|-miss|p1a: Kyurem|p2a: Kingambit\n|move|p2a: Kingambit|Iron Head|p1a: Kyurem\n|-supereffective|p1a: Kyurem\n|-damage|p1a: Kyurem|6/100\n|\n|upkeep\n|turn|13\n|\n|t:|1788277064\n|move|p2a: Kingambit|Sucker Punch||[still]\n|-fail|p2a: Kingambit\n|move|p1a: Kyurem|Dragon Dance|p1a: Kyurem\n|-boost|p1a: Kyurem|atk|1\n|-boost|p1a: Kyurem|spe|1\n|\n|upkeep\n|turn|14\n|\n|t:|1788277069\n|move|p2a: Kingambit|Sucker Punch||[still]\n|-fail|p2a: Kingambit\n|move|p1a: Kyurem|Dragon Dance|p1a: Kyurem\n|-boost|p1a: Kyurem|atk|1\n|-boost|p1a: Kyurem|spe|1\n|\n|upkeep\n|turn|15\n|\n|t:|1788277072\n|move|p2a: Kingambit|Sucker Punch||[still]\n|-fail|p2a: Kingambit\n|move|p1a: Kyurem|Dragon Dance|p1a: Kyurem\n|-boost|p1a: Kyurem|atk|1\n|-boost|p1a: Kyurem|spe|1\n|\n|upkeep\n|turn|16\n|\n|t:|1788277081\n|move|p1a: Kyurem|Focus Blast|p2a: Kingambit\n|-supereffective|p2a: Kingambit\n|-damage|p2a: Kingambit|0 fnt\n|faint|p2a: Kingambit\n|-end|p2a: Kingambit|fallen1|[silent]\n|\n|upkeep\n|\n|t:|1788277095\n|switch|p2a: Ogerpon|Ogerpon-Teal-Tera, F, tera:Grass|21/100\n|-ability|p2a: Ogerpon|Embody Aspect (Teal)|boost\n|-boost|p2a: Ogerpon|spe|1\n|turn|17\n|\n|t:|1788277099\n|move|p1a: Kyurem|Icicle Spear|p2a: Ogerpon\n|-supereffective|p2a: Ogerpon\n|-damage|p2a: Ogerpon|0 fnt\n|faint|p2a: Ogerpon\n|detailschange|p2: Ogerpon|Ogerpon, F|[silent]\n|-hitcount|p2: Ogerpon|1\n|\n|upkeep\n|\n|t:|1788277100\n|switch|p2a: Great Tusk|Great Tusk, shiny|100/100\n|turn|18\n|\n|t:|1788277102\n|move|p1a: Kyurem|Icicle Spear|p2a: Great Tusk\n|-supereffective|p2a: Great Tusk\n|-damage|p2a: Great Tusk|50/100\n|-supereffective|p2a: Great Tusk\n|-damage|p2a: Great Tusk|1/100\n|-supereffective|p2a: Great Tusk\n|-damage|p2a: Great Tusk|0 fnt\n|faint|p2a: Great Tusk\n|-end|p2a: Great Tusk|Protosynthesis|[silent]\n|-hitcount|p2: Great Tusk|3\n|\n|upkeep\n|-message|BFO Ethanol forfeited.\n|\n|win|Penguinxdd\n|raw|Penguinxdd's rating: 1452 &rarr; <strong>1472</strong><br />(+20 for winning)\n|raw|BFO Ethanol's rating: 1454 &rarr; <strong>1434</strong><br />(-20 for losing)\n|l|\u2606BFO Ethanol\n|player|p2|\n|c| TeamJodio|Aura\n", "uploadtime": 1788277111, "views": "16", "formatid": "gen9ou", "rating": 1434, "private": 0, "password": null}