{"id": "gen9ou-2673911585", "format": "[Gen 9] OU", "players": ["aalhadk", "bruh_eggs"], "log": "|j|\u2606aalhadk\n|j|\u2606bruh_eggs\n|t:|1788276203\n|gametype|singles\n|player|p1|aalhadk|170|1471\n|player|p2|bruh_eggs|juggler|1503\n|gen|9\n|tier|[Gen 9] OU\n|rated|\n|rule|HP Percentage Mod: HP is shown in percentages\n|rule|Endless Battle Clause: Forcing endless battles is banned\n|rule|Species Clause: Limit one of each Pok\u00e9mon\n|rule|OHKO Clause: OHKO moves are banned\n|rule|Evasion Items Clause: Evasion items are banned\n|rule|Evasion Moves Clause: Evasion moves are banned\n|rule|Evasion Abilities Clause: Evasion abilities are banned\n|rule|Sleep Moves Clause: Sleep-inducing moves are banned\n|clearpoke\n|poke|p1|Rillaboom, M|\n|poke|p1|Heatran, M|\n|poke|p1|Comfey, F|\n|poke|p1|Raging Bolt|\n|poke|p1|Great Tusk|\n|poke|p1|Zamazenta-*|\n|poke|p2|Raging Bolt|\n|poke|p2|Ogerpon-Wellspring, F|\n|poke|p2|Pecharunt|\n|poke|p2|Iron Treads|\n|poke|p2|Moltres|\n|poke|p2|Iron Valiant|\n|teampreview\n|inactive|Battle timer is ON: inactive players will automatically lose when time's up. (requested by bruh_eggs)\n|inactive|aalhadk also wants the timer to be on.\n|\n|t:|1788276230\n|teamsize|p1|6\n|teamsize|p2|6\n|start\n|switch|p1a: Rillaboom|Rillaboom, M|100/100\n|switch|p2a: Moltres|Moltres|100/100\n|-fieldstart|move: Grassy Terrain|[from] ability: Grassy Surge|[of] p1a: Rillaboom\n|turn|1\n|\n|t:|1788276235\n|move|p1a: Rillaboom|Knock Off|p2a: Moltres\n|-crit|p2a: Moltres\n|-damage|p2a: Moltres|26/100\n|-enditem|p2a: Moltres|Heavy-Duty Boots|[from] move: Knock Off|[of] p1a: Rillaboom\n|move|p2a: Moltres|Scorching Sands|p1a: Rillaboom\n|-resisted|p1a: Rillaboom\n|-damage|p1a: Rillaboom|87/100\n|-status|p1a: Rillaboom|brn\n|\n|-heal|p1a: Rillaboom|93/100 brn|[from] Grassy Terrain\n|-damage|p1a: Rillaboom|87/100 brn|[from] brn\n|upkeep\n|turn|2\n|\n|t:|1788276243\n|switch|p1a: Heatran|Heatran, M|100/100\n|move|p2a: Moltres|Roost|p2a: Moltres\n|-heal|p2a: Moltres|76/100\n|-singleturn|p2a: Moltres|move: Roost\n|\n|-heal|p2a: Moltres|82/100|[from] Grassy Terrain\n|upkeep\n|turn|3\n|\n|t:|1788276246\n|move|p2a: Moltres|Scorching Sands|p1a: Heatran\n|-supereffective|p1a: Heatran\n|-damage|p1a: Heatran|53/100\n|move|p1a: Heatran|Stealth Rock|p2a: Moltres\n|-sidestart|p2: bruh_eggs|move: Stealth Rock\n|\n|-heal|p1a: Heatran|59/100|[from] Grassy Terrain\n|-heal|p1a: Heatran|65/100|[from] item: Leftovers\n|upkeep\n|turn|4\n|\n|t:|1788276252\n|move|p2a: Moltres|Scorching Sands|p1a: Heatran\n|-supereffective|p1a: Heatran\n|-damage|p1a: Heatran|12/100\n|move|p1a: Heatran|Magma Storm|p2a: Moltres\n|-resisted|p2a: Moltres\n|-damage|p2a: Moltres|68/100\n|-activate|p2a: Moltres|move: Magma Storm|[of] p1a: Heatran\n|\n|-heal|p1a: Heatran|19/100|[from] Grassy Terrain\n|-heal|p1a: Heatran|25/100|[from] item: Leftovers\n|-damage|p2a: Moltres|55/100|[from] move: Magma Storm|[partiallytrapped]\n|upkeep\n|turn|5\n|\n|t:|1788276257\n|move|p2a: Moltres|Roost|p2a: Moltres\n|-heal|p2a: Moltres|100/100\n|-singleturn|p2a: Moltres|move: Roost\n|move|p1a: Heatran|Earth Power|p2a: Moltres\n|-supereffective|p2a: Moltres\n|-damage|p2a: Moltres|63/100\n|\n|-heal|p2a: Moltres|69/100|[from] Grassy Terrain\n|-heal|p1a: Heatran|31/100|[from] Grassy Terrain\n|-heal|p1a: Heatran|37/100|[from] item: Leftovers\n|-damage|p2a: Moltres|57/100|[from] move: Magma Storm|[partiallytrapped]\n|-fieldend|move: Grassy Terrain\n|upkeep\n|turn|6\n|\n|t:|1788276259\n|move|p2a: Moltres|Scorching Sands|p1a: Heatran\n|-supereffective|p1a: Heatran\n|-damage|p1a: Heatran|0 fnt\n|faint|p1a: Heatran\n|\n|-end|p2a: Moltres|Magma Storm|[partiallytrapped]|[silent]\n|upkeep\n|\n|t:|1788276265\n|switch|p1a: Raging Bolt|Raging Bolt|100/100\n|-enditem|p1a: Raging Bolt|Booster Energy\n|-activate|p1a: Raging Bolt|ability: Protosynthesis|[fromitem]\n|-start|p1a: Raging Bolt|protosynthesisspa\n|turn|7\n|\n|t:|1788276270\n|-terastallize|p2a: Moltres|Fairy\n|move|p1a: Raging Bolt|Dragon Pulse|p2a: Moltres\n|-immune|p2a: Moltres\n|move|p2a: Moltres|Roost|p2a: Moltres\n|-heal|p2a: Moltres|100/100\n|\n|upkeep\n|turn|8\n|\n|t:|1788276274\n|move|p1a: Raging Bolt|Dragon Pulse|p2a: Moltres\n|-immune|p2a: Moltres\n|move|p2a: Moltres|Scorching Sands|p1a: Raging Bolt\n|-supereffective|p1a: Raging Bolt\n|-damage|p1a: Raging Bolt|66/100\n|\n|upkeep\n|turn|9\n|\n|t:|1788276276\n|move|p1a: Raging Bolt|Thunderbolt|p2a: Moltres\n|-damage|p2a: Moltres|50/100\n|-status|p2a: Moltres|par\n|move|p2a: Moltres|Scorching Sands|p1a: Raging Bolt\n|-supereffective|p1a: Raging Bolt\n|-crit|p1a: Raging Bolt\n|-damage|p1a: Raging Bolt|13/100\n|\n|upkeep\n|turn|10\n|\n|t:|1788276282\n|move|p1a: Raging Bolt|Thunderbolt|p2a: Moltres\n|-damage|p2a: Moltres|0 fnt\n|faint|p2a: Moltres\n|\n|upkeep\n|\n|t:|1788276301\n|switch|p2a: Iron Treads|Iron Treads|100/100\n|-damage|p2a: Iron Treads|97/100|[from] Stealth Rock\n|-enditem|p2a: Iron Treads|Booster Energy\n|-activate|p2a: Iron Treads|ability: Quark Drive|[fromitem]\n|-start|p2a: Iron Treads|quarkdrivespe\n|turn|11\n|\n|t:|1788276305\n|move|p2a: Iron Treads|Ice Spinner|p1a: Raging Bolt\n|-supereffective|p1a: Raging Bolt\n|-damage|p1a: Raging Bolt|0 fnt\n|faint|p1a: Raging Bolt\n|-end|p1a: Raging Bolt|Protosynthesis|[silent]\n|\n|upkeep\n|\n|t:|1788276308\n|switch|p1a: Great Tusk|Great Tusk|100/100\n|-enditem|p1a: Great Tusk|Booster Energy\n|-activate|p1a: Great Tusk|ability: Protosynthesis|[fromitem]\n|-start|p1a: Great Tusk|protosynthesisspe\n|turn|12\n|\n|t:|1788276312\n|-end|p2a: Iron Treads|Quark Drive|[silent]\n|switch|p2a: Pecharunt|Pecharunt|100/100\n|move|p1a: Great Tusk|Ice Spinner|p2a: Pecharunt\n|-damage|p2a: Pecharunt|89/100\n|\n|upkeep\n|turn|13\n|\n|t:|1788276314\n|move|p1a: Great Tusk|Headlong Rush|p2a: Pecharunt\n|-supereffective|p2a: Pecharunt\n|-damage|p2a: Pecharunt|39/100\n|-unboost|p1a: Great Tusk|def|1\n|-unboost|p1a: Great Tusk|spd|1\n|move|p2a: Pecharunt|Malignant Chain|p1a: Great Tusk\n|-resisted|p1a: Great Tusk\n|-damage|p1a: Great Tusk|71/100\n|\n|upkeep\n|turn|14\n|\n|t:|1788276324\n|switch|p2a: Iron Valiant|Iron Valiant|100/100\n|-damage|p2a: Iron Valiant|94/100|[from] Stealth Rock\n|-enditem|p2a: Iron Valiant|Booster Energy\n|-activate|p2a: Iron Valiant|ability: Quark Drive|[fromitem]\n|-start|p2a: Iron Valiant|quarkdrivespe\n|move|p1a: Great Tusk|Headlong Rush|p2a: Iron Valiant\n|-damage|p2a: Iron Valiant|32/100\n|-unboost|p1a: Great Tusk|def|1\n|-unboost|p1a: Great Tusk|spd|1\n|\n|upkeep\n|turn|15\n|\n|t:|1788276326\n|move|p2a: Iron Valiant|Spirit Break|p1a: Great Tusk\n|-supereffective|p1a: Great Tusk\n|-damage|p1a: Great Tusk|0 fnt\n|faint|p1a: Great Tusk\n|-end|p1a: Great Tusk|Protosynthesis|[silent]\n|\n|upkeep\n|\n|t:|1788276329\n|switch|p1a: Rillaboom|Rillaboom, M|87/100 brn\n|-fieldstart|move: Grassy Terrain|[from] ability: Grassy Surge|[of] p1a: Rillaboom\n|turn|16\n|\n|t:|1788276332\n|move|p2a: Iron Valiant|Close Combat|p1a: Rillaboom\n|-damage|p1a: Rillaboom|20/100 brn\n|-unboost|p2a: Iron Valiant|def|1\n|-unboost|p2a: Iron Valiant|spd|1\n|move|p1a: Rillaboom|Knock Off|p2a: Iron Valiant\n|-resisted|p2a: Iron Valiant\n|-damage|p2a: Iron Valiant|24/100\n|\n|-heal|p2a: Iron Valiant|30/100|[from] Grassy Terrain\n|-heal|p1a: Rillaboom|27/100 brn|[from] Grassy Terrain\n|-damage|p1a: Rillaboom|20/100 brn|[from] brn\n|upkeep\n|turn|17\n|\n|t:|1788276336\n|move|p2a: Iron Valiant|Close Combat|p1a: Rillaboom\n|-damage|p1a: Rillaboom|0 fnt\n|-unboost|p2a: Iron Valiant|def|1\n|-unboost|p2a: Iron Valiant|spd|1\n|faint|p1a: Rillaboom\n|\n|-heal|p2a: Iron Valiant|36/100|[from] Grassy Terrain\n|upkeep\n|\n|t:|1788276338\n|switch|p1a: Comfey|Comfey, F|100/100\n|-enditem|p1a: Comfey|Grassy Seed\n|-boost|p1a: Comfey|def|1|[from] item: Grassy Seed\n|turn|18\n|\n|t:|1788276342\n|-end|p2a: Iron Valiant|Quark Drive|[silent]\n|switch|p2a: Pecharunt|Pecharunt|39/100\n|move|p1a: Comfey|Calm Mind|p1a: Comfey\n|-boost|p1a: Comfey|spa|1\n|-boost|p1a: Comfey|spd|1\n|\n|-heal|p2a: Pecharunt|45/100|[from] Grassy Terrain\n|upkeep\n|turn|19\n|\n|t:|1788276346\n|-terastallize|p1a: Comfey|Steel\n|move|p1a: Comfey|Calm Mind|p1a: Comfey\n|-boost|p1a: Comfey|spa|1\n|-boost|p1a: Comfey|spd|1\n|move|p2a: Pecharunt|Malignant Chain|p1a: Comfey\n|-immune|p1a: Comfey\n|\n|-heal|p2a: Pecharunt|51/100|[from] Grassy Terrain\n|upkeep\n|turn|20\n|\n|t:|1788276349\n|move|p1a: Comfey|Calm Mind|p1a: Comfey\n|-boost|p1a: Comfey|spa|1\n|-boost|p1a: Comfey|spd|1\n|move|p2a: Pecharunt|Parting Shot|p1a: Comfey\n|-unboost|p1a: Comfey|atk|1\n|-unboost|p1a: Comfey|spa|1\n|\n|t:|1788276360\n|switch|p2a: Ogerpon|Ogerpon-Wellspring, F|100/100|[from] Parting Shot\n|-damage|p2a: Ogerpon|88/100|[from] Stealth Rock\n|\n|-heal|p2a: Ogerpon|94/100|[from] Grassy Terrain\n|-fieldend|move: Grassy Terrain\n|upkeep\n|turn|21\n|\n|t:|1788276364\n|move|p1a: Comfey|Draining Kiss|p2a: Ogerpon\n|-damage|p2a: Ogerpon|46/100\n|move|p2a: Ogerpon|Ivy Cudgel|p1a: Comfey|[anim] Ivy Cudgel Water\n|-damage|p1a: Comfey|53/100\n|\n|upkeep\n|turn|22\n|\n|t:|1788276374\n|move|p1a: Comfey|Draining Kiss|p2a: Ogerpon\n|-damage|p2a: Ogerpon|0 fnt\n|-heal|p1a: Comfey|87/100|[from] drain|[of] p2a: Ogerpon\n|faint|p2a: Ogerpon\n|\n|upkeep\n|\n|t:|1788276378\n|switch|p2a: Pecharunt|Pecharunt|51/100\n|turn|23\n|\n|t:|1788276380\n|move|p1a: Comfey|Stored Power|p2a: Pecharunt\n|-supereffective|p2a: Pecharunt\n|-crit|p2a: Pecharunt\n|-damage|p2a: Pecharunt|0 fnt\n|faint|p2a: Pecharunt\n|\n|upkeep\n|\n|t:|1788276383\n|switch|p2a: Iron Treads|Iron Treads|97/100\n|-damage|p2a: Iron Treads|94/100|[from] Stealth Rock\n|turn|24\n|\n|t:|1788276387\n|move|p1a: Comfey|Draining Kiss|p2a: Iron Treads\n|-resisted|p2a: Iron Treads\n|-damage|p2a: Iron Treads|68/100\n|-heal|p1a: Comfey|100/100|[from] drain|[of] p2a: Iron Treads\n|move|p2a: Iron Treads|Earthquake|p1a: Comfey\n|-supereffective|p1a: Comfey\n|-damage|p1a: Comfey|41/100\n|\n|upkeep\n|turn|25\n|\n|t:|1788276390\n|switch|p1a: Zamazenta|Zamazenta|100/100\n|-ability|p1a: Zamazenta|Dauntless Shield|boost\n|-boost|p1a: Zamazenta|def|1\n|move|p2a: Iron Treads|Earthquake|p1a: Zamazenta\n|-damage|p1a: Zamazenta|83/100\n|\n|-heal|p1a: Zamazenta|89/100|[from] item: Leftovers\n|upkeep\n|turn|26\n|\n|t:|1788276394\n|-end|p2a: Iron Treads|Quark Drive|[silent]\n|switch|p2a: Iron Valiant|Iron Valiant|36/100\n|-damage|p2a: Iron Valiant|30/100|[from] Stealth Rock\n|move|p1a: Zamazenta|Body Press|p2a: Iron Valiant\n|-resisted|p2a: Iron Valiant\n|-damage|p2a: Iron Valiant|0 fnt\n|faint|p2a: Iron Valiant\n|-end|p2a: Iron Valiant|Quark Drive|[silent]\n|\n|-heal|p1a: Zamazenta|96/100|[from] item: Leftovers\n|upkeep\n|\n|t:|1788276396\n|switch|p2a: Raging Bolt|Raging Bolt|100/100\n|-damage|p2a: Raging Bolt|88/100|[from] Stealth Rock\n|turn|27\n|\n|t:|1788276399\n|move|p2a: Raging Bolt|Draco Meteor|p1a: Zamazenta\n|-damage|p1a: Zamazenta|0 fnt\n|-unboost|p2a: Raging Bolt|spa|2\n|faint|p1a: Zamazenta\n|\n|upkeep\n|\n|t:|1788276401\n|switch|p1a: Comfey|Comfey, F, tera:Steel|41/100\n|turn|28\n|\n|t:|1788276406\n|-end|p2a: Raging Bolt|Protosynthesis|[silent]\n|switch|p2a: Iron Treads|Iron Treads|68/100\n|-damage|p2a: Iron Treads|65/100|[from] Stealth Rock\n|move|p1a: Comfey|Calm Mind|p1a: Comfey\n|-boost|p1a: Comfey|spa|1\n|-boost|p1a: Comfey|spd|1\n|\n|upkeep\n|turn|29\n|\n|t:|1788276409\n|move|p1a: Comfey|Draining Kiss|p2a: Iron Treads\n|-resisted|p2a: Iron Treads\n|-damage|p2a: Iron Treads|47/100\n|-heal|p1a: Comfey|58/100|[from] drain|[of] p2a: Iron Treads\n|move|p2a: Iron Treads|Earthquake|p1a: Comfey\n|-supereffective|p1a: Comfey\n|-damage|p1a: Comfey|0 fnt\n|faint|p1a: Comfey\n|\n|win|bruh_eggs\n|raw|aalhadk's rating: 1471 &rarr; <strong>1453</strong><br />(-18 for losing)\n|raw|bruh_eggs's rating: 1503 &rarr; <strong>1521</strong><br />(+18 for winning)\n|l|\u2606aalhadk\n|player|p1|\n|l|\u2606bruh_eggs\n|player|p2|\n", "uploadtime": 1788276641, "views": "1", "formatid": "gen9ou", "rating": 1453, "private": 0, "password": null}