{"id": "gen9ou-2673939176", "format": "[Gen 9] OU", "players": ["oempaloempa69", "Leap Call"], "log": "|j|\u2606oempaloempa69\n|j|\u203dLeap Call\n|t:|1788279549\n|gametype|singles\n|player|p1|oempaloempa69|170|1536\n|player|p2|Leap Call|170|1494\n|gen|9\n|tier|[Gen 9] OU\n|rated|\n|rule|HP Percentage Mod: HP is shown in percentages\n|rule|Endless Battle Clause: Forcing endless battles is banned\n|rule|Species Clause: Limit one of each Pok\u00e9mon\n|rule|OHKO Clause: OHKO moves are banned\n|rule|Evasion Items Clause: Evasion items are banned\n|rule|Evasion Moves Clause: Evasion moves are banned\n|rule|Evasion Abilities Clause: Evasion abilities are banned\n|rule|Sleep Moves Clause: Sleep-inducing moves are banned\n|clearpoke\n|poke|p1|Deoxys-Speed|\n|poke|p1|Indeedee, M|\n|poke|p1|Armarouge, M|\n|poke|p1|Hatterene, F|\n|poke|p1|Cinderace, F|\n|poke|p1|Hawlucha, M|\n|poke|p2|Rillaboom, F|\n|poke|p2|Hawlucha, F|\n|poke|p2|Gholdengo|\n|poke|p2|Dragonite, F|\n|poke|p2|Great Tusk|\n|poke|p2|Alomomola, F|\n|teampreview\n|inactive|Battle timer is ON: inactive players will automatically lose when time's up. (requested by Leap Call)\n|\n|t:|1788279581\n|teamsize|p1|6\n|teamsize|p2|6\n|start\n|switch|p1a: Cinderace|Cinderace, F|100/100\n|switch|p2a: Alomomola|Alomomola, F, shiny|100/100\n|turn|1\n|\n|t:|1788279594\n|move|p1a: Cinderace|High Jump Kick|p2a: Alomomola\n|-start|p1a: Cinderace|typechange|Fighting|[from] ability: Libero\n|-damage|p2a: Alomomola|47/100\n|move|p2a: Alomomola|Flip Turn|p1a: Cinderace\n|-damage|p1a: Cinderace|81/100\n|\n|t:|1788279602\n|switch|p2a: Great Tusk|Great Tusk|100/100|[from] Flip Turn\n|\n|upkeep\n|turn|2\n|\n|t:|1788279606\n|switch|p1a: Hatterene|Hatterene, F|100/100\n|move|p2a: Great Tusk|Headlong Rush|p1a: Hatterene\n|-damage|p1a: Hatterene|56/100\n|-unboost|p2a: Great Tusk|def|1\n|-unboost|p2a: Great Tusk|spd|1\n|-enditem|p1a: Hatterene|Eject Button\n|\n|t:|1788279610\n|switch|p1a: Deoxys|Deoxys-Speed|100/100\n|-ability|p1a: Deoxys|Pressure\n|\n|upkeep\n|turn|3\n|\n|t:|1788279614\n|-end|p2a: Great Tusk|Protosynthesis|[silent]\n|switch|p2a: Rillaboom|Rillaboom, F|100/100\n|-fieldstart|move: Grassy Terrain|[from] ability: Grassy Surge|[of] p2a: Rillaboom\n|move|p1a: Deoxys|Expanding Force|p2a: Rillaboom\n|-damage|p2a: Rillaboom|38/100\n|-damage|p1a: Deoxys|91/100|[from] item: Life Orb\n|\n|-heal|p1a: Deoxys|97/100|[from] Grassy Terrain\n|-heal|p2a: Rillaboom|44/100|[from] Grassy Terrain\n|upkeep\n|turn|4\n|\n|t:|1788279624\n|switch|p1a: Indeedee|Indeedee, M|100/100\n|-fieldstart|move: Psychic Terrain|[from] ability: Psychic Surge|[of] p1a: Indeedee\n|switch|p2a: Alomomola|Alomomola, F, shiny|80/100\n|\n|upkeep\n|turn|5\n|\n|t:|1788279629\n|move|p1a: Indeedee|Expanding Force|p2a: Alomomola\n|-damage|p2a: Alomomola|53/100\n|move|p2a: Alomomola|Mirror Coat|p1a: Indeedee\n|-damage|p1a: Indeedee|13/100\n|\n|upkeep\n|turn|6\n|\n|t:|1788279634\n|move|p1a: Indeedee|Encore|p2a: Alomomola\n|-start|p2a: Alomomola|Encore\n|move|p2a: Alomomola|Mirror Coat||[still]\n|-fail|p2a: Alomomola\n|\n|upkeep\n|turn|7\n|\n|t:|1788279645\n|switch|p1a: Cinderace|Cinderace, F|81/100\n|switch|p2a: Rillaboom|Rillaboom, F|44/100\n|-fieldstart|move: Grassy Terrain|[from] ability: Grassy Surge|[of] p2a: Rillaboom\n|\n|-heal|p1a: Cinderace|87/100|[from] Grassy Terrain\n|-heal|p2a: Rillaboom|51/100|[from] Grassy Terrain\n|upkeep\n|turn|8\n|\n|t:|1788279652\n|switch|p2a: Great Tusk|Great Tusk|100/100\n|move|p1a: Cinderace|U-turn|p2a: Great Tusk\n|-start|p1a: Cinderace|typechange|Bug|[from] ability: Libero\n|-resisted|p2a: Great Tusk\n|-damage|p2a: Great Tusk|89/100\n|-damage|p1a: Cinderace|70/100|[from] item: Rocky Helmet|[of] p2a: Great Tusk\n|\n|t:|1788279657\n|switch|p1a: Deoxys|Deoxys-Speed|97/100|[from] U-turn\n|-ability|p1a: Deoxys|Pressure\n|\n|-heal|p1a: Deoxys|100/100|[from] Grassy Terrain\n|-heal|p2a: Great Tusk|95/100|[from] Grassy Terrain\n|upkeep\n|turn|9\n|\n|t:|1788279660\n|-end|p2a: Great Tusk|Protosynthesis|[silent]\n|switch|p2a: Alomomola|Alomomola, F, shiny|87/100\n|move|p1a: Deoxys|Expanding Force|p2a: Alomomola\n|-damage|p2a: Alomomola|65/100\n|-damage|p1a: Deoxys|91/100|[from] item: Life Orb\n|\n|-heal|p1a: Deoxys|97/100|[from] Grassy Terrain\n|-heal|p2a: Alomomola|71/100|[from] Grassy Terrain\n|upkeep\n|turn|10\n|\n|t:|1788279670\n|switch|p1a: Cinderace|Cinderace, F|70/100\n|move|p2a: Alomomola|Flip Turn|p1a: Cinderace\n|-supereffective|p1a: Cinderace\n|-damage|p1a: Cinderace|29/100\n|\n|t:|1788279678\n|switch|p2a: Great Tusk|Great Tusk|95/100|[from] Flip Turn\n|\n|-heal|p1a: Cinderace|35/100|[from] Grassy Terrain\n|-heal|p2a: Great Tusk|100/100|[from] Grassy Terrain\n|upkeep\n|turn|11\n|\n|t:|1788279685\n|switch|p1a: Hatterene|Hatterene, F|56/100\n|move|p2a: Great Tusk|Headlong Rush|p1a: Hatterene\n|-damage|p1a: Hatterene|16/100\n|-unboost|p2a: Great Tusk|def|1\n|-unboost|p2a: Great Tusk|spd|1\n|\n|-heal|p1a: Hatterene|22/100|[from] Grassy Terrain\n|-fieldend|move: Grassy Terrain\n|upkeep\n|turn|12\n|\n|t:|1788279690\n|switch|p1a: Armarouge|Armarouge, M|100/100\n|move|p2a: Great Tusk|Headlong Rush|p1a: Armarouge\n|-supereffective|p1a: Armarouge\n|-damage|p1a: Armarouge|0 fnt\n|-unboost|p2a: Great Tusk|def|1\n|-unboost|p2a: Great Tusk|spd|1\n|faint|p1a: Armarouge\n|\n|upkeep\n|\n|t:|1788279696\n|switch|p1a: Deoxys|Deoxys-Speed|97/100\n|-ability|p1a: Deoxys|Pressure\n|turn|13\n|\n|t:|1788279700\n|-end|p2a: Great Tusk|Protosynthesis|[silent]\n|switch|p2a: Alomomola|Alomomola, F, shiny|100/100\n|move|p1a: Deoxys|Expanding Force|p2a: Alomomola\n|-damage|p2a: Alomomola|79/100\n|-damage|p1a: Deoxys|87/100|[from] item: Life Orb\n|\n|upkeep\n|turn|14\n|\n|t:|1788279702\n|move|p1a: Deoxys|Nasty Plot|p1a: Deoxys\n|-boost|p1a: Deoxys|spa|2\n|move|p2a: Alomomola|Flip Turn|p1a: Deoxys\n|-damage|p1a: Deoxys|62/100\n|\n|t:|1788279704\n|switch|p2a: Rillaboom|Rillaboom, F|51/100|[from] Flip Turn\n|-fieldstart|move: Grassy Terrain|[from] ability: Grassy Surge|[of] p2a: Rillaboom\n|\n|-heal|p1a: Deoxys|68/100|[from] Grassy Terrain\n|-heal|p2a: Rillaboom|57/100|[from] Grassy Terrain\n|upkeep\n|turn|15\n|\n|t:|1788279712\n|switch|p2a: Alomomola|Alomomola, F, shiny|100/100\n|-terastallize|p1a: Deoxys|Grass\n|move|p1a: Deoxys|Expanding Force|p2a: Alomomola\n|-damage|p2a: Alomomola|57/100\n|-damage|p1a: Deoxys|58/100|[from] item: Life Orb\n|\n|-heal|p1a: Deoxys|64/100|[from] Grassy Terrain\n|-heal|p2a: Alomomola|63/100|[from] Grassy Terrain\n|upkeep\n|turn|16\n|\n|t:|1788279721\n|move|p1a: Deoxys|Nasty Plot|p1a: Deoxys\n|-boost|p1a: Deoxys|spa|2\n|move|p2a: Alomomola|Flip Turn|p1a: Deoxys\n|-resisted|p1a: Deoxys\n|-damage|p1a: Deoxys|51/100\n|\n|t:|1788279723\n|switch|p2a: Hawlucha|Hawlucha, F, shiny|100/100|[from] Flip Turn\n|-enditem|p2a: Hawlucha|Grassy Seed\n|-boost|p2a: Hawlucha|def|1|[from] item: Grassy Seed\n|\n|-heal|p1a: Deoxys|57/100|[from] Grassy Terrain\n|upkeep\n|turn|17\n|\n|t:|1788279733\n|switch|p1a: Indeedee|Indeedee, M|13/100\n|-fieldstart|move: Psychic Terrain|[from] ability: Psychic Surge|[of] p1a: Indeedee\n|move|p2a: Hawlucha|Acrobatics|p1a: Indeedee\n|-damage|p1a: Indeedee|0 fnt\n|faint|p1a: Indeedee\n|\n|upkeep\n|\n|t:|1788279736\n|switch|p1a: Hawlucha|Hawlucha, M|100/100\n|-enditem|p1a: Hawlucha|Psychic Seed\n|-boost|p1a: Hawlucha|spd|1|[from] item: Psychic Seed\n|turn|18\n|\n|t:|1788279740\n|-terastallize|p2a: Hawlucha|Electric\n|move|p2a: Hawlucha|Acrobatics|p1a: Hawlucha\n|-supereffective|p1a: Hawlucha\n|-damage|p1a: Hawlucha|0 fnt\n|faint|p1a: Hawlucha\n|\n|upkeep\n|-message|oempaloempa69 forfeited.\n|\n|win|Leap Call\n|raw|oempaloempa69's rating: 1536 &rarr; <strong>1514</strong><br />(-22 for losing)\n|raw|Leap Call's rating: 1494 &rarr; <strong>1516</strong><br />(+22 for winning)\n|l|\u2606oempaloempa69\n|player|p1|\n", "uploadtime": 1788279747, "views": "1", "formatid": "gen9ou", "rating": 1514, "private": 0, "password": null}