{"id": "gen9ou-2673876392", "format": "[Gen 9] OU", "players": ["bbt94", "swagswag234"], "log": "|j|\u2606bbt94\n|j|\u2606swagswag234\n|t:|1788271883\n|gametype|singles\n|player|p1|bbt94|2|1541\n|player|p2|swagswag234|cyclist|1497\n|gen|9\n|tier|[Gen 9] OU\n|rated|\n|rule|HP Percentage Mod: HP is shown in percentages\n|rule|Endless Battle Clause: Forcing endless battles is banned\n|rule|Species Clause: Limit one of each Pok\u00e9mon\n|rule|OHKO Clause: OHKO moves are banned\n|rule|Evasion Items Clause: Evasion items are banned\n|rule|Evasion Moves Clause: Evasion moves are banned\n|rule|Evasion Abilities Clause: Evasion abilities are banned\n|rule|Sleep Moves Clause: Sleep-inducing moves are banned\n|clearpoke\n|poke|p1|Hoopa-Unbound|\n|poke|p1|Pecharunt|\n|poke|p1|Landorus-Therian, M|\n|poke|p1|Cinderace, M|\n|poke|p1|Alomomola, M|\n|poke|p1|Iron Valiant|\n|poke|p2|Gliscor, F|\n|poke|p2|Gholdengo|\n|poke|p2|Dragonite, F|\n|poke|p2|Sinistcha|\n|poke|p2|Ting-Lu|\n|poke|p2|Keldeo|\n|teampreview\n|inactive|Battle timer is ON: inactive players will automatically lose when time's up. (requested by swagswag234)\n|\n|t:|1788271891\n|teamsize|p1|6\n|teamsize|p2|6\n|start\n|switch|p1a: Khaos|Hoopa-Unbound|100/100\n|switch|p2a: Dragonite|Dragonite, F|100/100\n|turn|1\n|\n|t:|1788271904\n|move|p1a: Khaos|Knock Off|p2a: Dragonite\n|-damage|p2a: Dragonite|59/100\n|-enditem|p2a: Dragonite|Heavy-Duty Boots|[from] move: Knock Off|[of] p1a: Khaos\n|move|p2a: Dragonite|Earthquake|p1a: Khaos\n|-damage|p1a: Khaos|40/100\n|\n|upkeep\n|turn|2\n|\n|t:|1788271911\n|switch|p1a: Enten|Landorus-Therian, M, shiny|100/100\n|-ability|p1a: Enten|Intimidate|boost\n|-unboost|p2a: Dragonite|atk|1\n|move|p2a: Dragonite|Extreme Speed|p1a: Enten\n|-damage|p1a: Enten|76/100\n|\n|upkeep\n|turn|3\n|\n|t:|1788271915\n|move|p1a: Enten|U-turn|p2a: Dragonite\n|-resisted|p2a: Dragonite\n|-damage|p2a: Dragonite|48/100\n|\n|t:|1788271917\n|switch|p1a: Pisces|Alomomola, M, shiny|100/100|[from] U-turn\n|move|p2a: Dragonite|Roost|p2a: Dragonite\n|-heal|p2a: Dragonite|98/100\n|-singleturn|p2a: Dragonite|move: Roost\n|\n|upkeep\n|turn|4\n|\n|t:|1788271922\n|move|p1a: Pisces|Flip Turn|p2a: Dragonite\n|-resisted|p2a: Dragonite\n|-damage|p2a: Dragonite|90/100\n|\n|t:|1788271924\n|switch|p1a: Calamity|Iron Valiant, shiny|100/100|[from] Flip Turn\n|move|p2a: Dragonite|Dragon Tail|p1a: Calamity\n|-immune|p1a: Calamity\n|\n|upkeep\n|turn|5\n|\n|t:|1788271928\n|switch|p2a: Gholdengo|Gholdengo|100/100\n|move|p1a: Calamity|Moonblast|p2a: Gholdengo\n|-resisted|p2a: Gholdengo\n|-damage|p2a: Gholdengo|60/100\n|\n|upkeep\n|turn|6\n|\n|t:|1788271933\n|-end|p1a: Calamity|Quark Drive|[silent]\n|switch|p1a: Pisces|Alomomola, M, shiny|100/100\n|move|p2a: Gholdengo|Trick|p1a: Pisces\n|-activate|p2a: Gholdengo|move: Trick|[of] p1a: Pisces\n|-item|p1a: Pisces|Choice Scarf|[from] move: Trick\n|-item|p2a: Gholdengo|Assault Vest|[from] move: Trick\n|\n|upkeep\n|turn|7\n|\n|t:|1788271939\n|switch|p2a: Gliscor|Gliscor, F|100/100\n|move|p1a: Pisces|Flip Turn|p2a: Gliscor\n|-supereffective|p2a: Gliscor\n|-damage|p2a: Gliscor|77/100\n|\n|t:|1788271941\n|switch|p1a: Khaos|Hoopa-Unbound|40/100|[from] Flip Turn\n|\n|-status|p2a: Gliscor|tox|[from] item: Toxic Orb\n|upkeep\n|turn|8\n|\n|t:|1788271946\n|switch|p2a: Keldeo|Keldeo|100/100\n|move|p1a: Khaos|Hyperspace Fury|p2a: Keldeo\n|-resisted|p2a: Keldeo\n|-damage|p2a: Keldeo|44/100\n|-unboost|p1a: Khaos|def|1\n|-ability|p2a: Keldeo|Justified|boost\n|-boost|p2a: Keldeo|atk|1\n|\n|upkeep\n|turn|9\n|\n|t:|1788271953\n|switch|p1a: Pisces|Alomomola, M, shiny|100/100\n|move|p2a: Keldeo|Flip Turn|p1a: Pisces\n|-resisted|p1a: Pisces\n|-damage|p1a: Pisces|93/100\n|\n|t:|1788271956\n|switch|p2a: Ting-Lu|Ting-Lu|100/100|[from] Flip Turn\n|-ability|p2a: Ting-Lu|Vessel of Ruin\n|\n|upkeep\n|turn|10\n|\n|t:|1788271959\n|move|p1a: Pisces|Flip Turn|p2a: Ting-Lu\n|-supereffective|p2a: Ting-Lu\n|-damage|p2a: Ting-Lu|83/100\n|\n|t:|1788271960\n|switch|p1a: Khaos|Hoopa-Unbound|40/100|[from] Flip Turn\n|move|p2a: Ting-Lu|Stealth Rock|p1a: Khaos\n|-sidestart|p1: bbt94|move: Stealth Rock\n|\n|-heal|p2a: Ting-Lu|89/100|[from] item: Leftovers\n|upkeep\n|turn|11\n|\n|t:|1788271969\n|switch|p2a: Sinistcha|Sinistcha|100/100\n|move|p1a: Khaos|Knock Off|p2a: Sinistcha\n|-supereffective|p2a: Sinistcha\n|-damage|p2a: Sinistcha|0 fnt\n|-enditem|p2a: Sinistcha|Heavy-Duty Boots|[from] move: Knock Off|[of] p1a: Khaos\n|faint|p2a: Sinistcha\n|\n|upkeep\n|\n|t:|1788271972\n|switch|p2a: Dragonite|Dragonite, F|90/100\n|turn|12\n|\n|t:|1788271978\n|switch|p1a: Overseer|Pecharunt|100/100\n|move|p2a: Dragonite|Dragon Tail|p1a: Overseer\n|-crit|p1a: Overseer\n|-damage|p1a: Overseer|74/100\n|drag|p1a: Calamity|Iron Valiant, shiny|100/100\n|-damage|p1a: Calamity|94/100|[from] Stealth Rock\n|\n|upkeep\n|turn|13\n|\n|t:|1788271985\n|-terastallize|p2a: Dragonite|Normal\n|move|p2a: Dragonite|Extreme Speed|p1a: Calamity\n|-damage|p1a: Calamity|34/100\n|move|p1a: Calamity|Moonblast|p2a: Dragonite\n|-damage|p2a: Dragonite|32/100\n|\n|upkeep\n|turn|14\n|\n|t:|1788271993\n|-end|p1a: Calamity|Quark Drive|[silent]\n|switch|p1a: Overseer|Pecharunt|74/100\n|move|p2a: Dragonite|Extreme Speed|p1a: Overseer\n|-immune|p1a: Overseer\n|\n|upkeep\n|turn|15\n|\n|t:|1788271996\n|move|p1a: Overseer|Recover|p1a: Overseer\n|-heal|p1a: Overseer|100/100\n|move|p2a: Dragonite|Roost|p2a: Dragonite\n|-heal|p2a: Dragonite|82/100\n|\n|upkeep\n|turn|16\n|\n|t:|1788271999\n|switch|p2a: Gholdengo|Gholdengo|60/100\n|move|p1a: Overseer|Malignant Chain|p2a: Gholdengo\n|-immune|p2a: Gholdengo\n|\n|upkeep\n|turn|17\n|\n|t:|1788272005\n|switch|p1a: Pisces|Alomomola, M, shiny|100/100\n|-damage|p1a: Pisces|88/100|[from] Stealth Rock\n|move|p2a: Gholdengo|Shadow Ball|p1a: Pisces\n|-damage|p1a: Pisces|52/100\n|\n|upkeep\n|turn|18\n|\n|t:|1788272009\n|move|p2a: Gholdengo|Shadow Ball|p1a: Pisces\n|-damage|p1a: Pisces|19/100\n|move|p1a: Pisces|Flip Turn|p2a: Gholdengo\n|-damage|p2a: Gholdengo|40/100\n|\n|t:|1788272012\n|switch|p1a: Liberacy|Cinderace, M, shiny|100/100|[from] Flip Turn\n|\n|upkeep\n|turn|19\n|\n|t:|1788272017\n|switch|p2a: Gliscor|Gliscor, F|77/100 tox\n|move|p1a: Liberacy|Court Change|p1a: Liberacy\n|-start|p1a: Liberacy|typechange|Normal|[from] ability: Libero\n|-swapsideconditions\n|-activate|p1a: Liberacy|move: Court Change\n|\n|-heal|p2a: Gliscor|89/100 tox|[from] ability: Poison Heal\n|upkeep\n|turn|20\n|\n|t:|1788272021\n|move|p1a: Liberacy|U-turn|p2a: Gliscor\n|-resisted|p2a: Gliscor\n|-damage|p2a: Gliscor|81/100 tox\n|\n|t:|1788272022\n|switch|p1a: Pisces|Alomomola, M, shiny|52/100|[from] U-turn\n|move|p2a: Gliscor|Knock Off|p1a: Pisces\n|-damage|p1a: Pisces|37/100\n|-enditem|p1a: Pisces|Choice Scarf|[from] move: Knock Off|[of] p2a: Gliscor\n|\n|-heal|p2a: Gliscor|94/100 tox|[from] ability: Poison Heal\n|upkeep\n|turn|21\n|\n|t:|1788272028\n|switch|p1a: Khaos|Hoopa-Unbound|40/100\n|move|p2a: Gliscor|Swords Dance|p2a: Gliscor\n|-boost|p2a: Gliscor|atk|2\n|\n|-heal|p2a: Gliscor|100/100 tox|[from] ability: Poison Heal\n|upkeep\n|turn|22\n|\n|t:|1788272038\n|move|p1a: Khaos|Hyperspace Fury|p2a: Gliscor\n|-damage|p2a: Gliscor|16/100 tox\n|-unboost|p1a: Khaos|def|1\n|move|p2a: Gliscor|Facade|p1a: Khaos\n|-damage|p1a: Khaos|0 fnt\n|faint|p1a: Khaos\n|\n|-heal|p2a: Gliscor|29/100 tox|[from] ability: Poison Heal\n|upkeep\n|\n|t:|1788272042\n|switch|p1a: Calamity|Iron Valiant, shiny|34/100\n|turn|23\n|\n|t:|1788272045\n|move|p2a: Gliscor|Protect|p2a: Gliscor\n|-singleturn|p2a: Gliscor|Protect\n|move|p1a: Calamity|Moonblast|p2a: Gliscor\n|-activate|p2a: Gliscor|move: Protect\n|\n|-heal|p2a: Gliscor|41/100 tox|[from] ability: Poison Heal\n|upkeep\n|turn|24\n|inactive|swagswag234 has 120 seconds left.\n|\n|t:|1788272077\n|-terastallize|p1a: Calamity|Fairy\n|move|p2a: Gliscor|Protect||[still]\n|-fail|p2a: Gliscor\n|move|p1a: Calamity|Moonblast|p2a: Gliscor\n|-damage|p2a: Gliscor|0 fnt\n|faint|p2a: Gliscor\n|\n|upkeep\n|inactive|swagswag234 has 120 seconds left.\n|\n|t:|1788272083\n|switch|p2a: Dragonite|Dragonite, F, tera:Normal|82/100\n|-damage|p2a: Dragonite|70/100|[from] Stealth Rock\n|turn|25\n|\n|t:|1788272089\n|-end|p1a: Calamity|Quark Drive|[silent]\n|switch|p1a: Enten|Landorus-Therian, M, shiny|76/100\n|-ability|p1a: Enten|Intimidate|boost\n|-unboost|p2a: Dragonite|atk|1\n|move|p2a: Dragonite|Earthquake|p1a: Enten\n|-immune|p1a: Enten\n|\n|upkeep\n|turn|26\n|\n|t:|1788272094\n|move|p1a: Enten|Earthquake|p2a: Dragonite\n|-damage|p2a: Dragonite|14/100\n|move|p2a: Dragonite|Roost|p2a: Dragonite\n|-heal|p2a: Dragonite|64/100\n|\n|upkeep\n|turn|27\n|\n|t:|1788272101\n|switch|p2a: Ting-Lu|Ting-Lu|89/100\n|-damage|p2a: Ting-Lu|83/100|[from] Stealth Rock\n|-ability|p2a: Ting-Lu|Vessel of Ruin\n|move|p1a: Enten|Earthquake|p2a: Ting-Lu\n|-damage|p2a: Ting-Lu|53/100\n|\n|-heal|p2a: Ting-Lu|59/100|[from] item: Leftovers\n|upkeep\n|turn|28\n|\n|t:|1788272108\n|switch|p1a: Liberacy|Cinderace, M, shiny|100/100\n|move|p2a: Ting-Lu|Spikes|p1a: Liberacy\n|-sidestart|p1: bbt94|Spikes\n|\n|-heal|p2a: Ting-Lu|65/100|[from] item: Leftovers\n|upkeep\n|turn|29\n|\n|t:|1788272110\n|move|p1a: Liberacy|U-turn|p2a: Ting-Lu\n|-start|p1a: Liberacy|typechange|Bug|[from] ability: Libero\n|-supereffective|p2a: Ting-Lu\n|-damage|p2a: Ting-Lu|28/100\n|\n|t:|1788272113\n|switch|p1a: Enten|Landorus-Therian, M, shiny|76/100|[from] U-turn\n|-ability|p1a: Enten|Intimidate|boost\n|-unboost|p2a: Ting-Lu|atk|1\n|move|p2a: Ting-Lu|Stealth Rock|p1a: Enten\n|-sidestart|p1: bbt94|move: Stealth Rock\n|\n|-heal|p2a: Ting-Lu|34/100|[from] item: Leftovers\n|upkeep\n|turn|30\n|\n|t:|1788272117\n|move|p1a: Enten|U-turn|p2a: Ting-Lu\n|-supereffective|p2a: Ting-Lu\n|-damage|p2a: Ting-Lu|4/100\n|\n|t:|1788272119\n|switch|p1a: Liberacy|Cinderace, M, shiny|100/100|[from] U-turn\n|move|p2a: Ting-Lu|Spikes|p1a: Liberacy\n|-sidestart|p1: bbt94|Spikes\n|\n|-heal|p2a: Ting-Lu|10/100|[from] item: Leftovers\n|upkeep\n|turn|31\n|\n|t:|1788272126\n|move|p1a: Liberacy|Court Change|p1a: Liberacy\n|-start|p1a: Liberacy|typechange|Normal|[from] ability: Libero\n|-swapsideconditions\n|-activate|p1a: Liberacy|move: Court Change\n|move|p2a: Ting-Lu|Spikes|p1a: Liberacy\n|-sidestart|p1: bbt94|Spikes\n|\n|-heal|p2a: Ting-Lu|16/100|[from] item: Leftovers\n|upkeep\n|turn|32\n|\n|t:|1788272129\n|move|p1a: Liberacy|Pyro Ball|p2a: Ting-Lu\n|-damage|p2a: Ting-Lu|0 fnt\n|faint|p2a: Ting-Lu\n|\n|upkeep\n|\n|t:|1788272135\n|switch|p2a: Keldeo|Keldeo|44/100\n|turn|33\n|\n|t:|1788272145\n|move|p1a: Liberacy|U-turn|p2a: Keldeo\n|-resisted|p2a: Keldeo\n|-damage|p2a: Keldeo|30/100\n|\n|t:|1788272147\n|switch|p1a: Pisces|Alomomola, M, shiny|70/100|[from] U-turn\n|-damage|p1a: Pisces|58/100|[from] Stealth Rock\n|-damage|p1a: Pisces|46/100|[from] Spikes\n|move|p2a: Keldeo|Aura Sphere|p1a: Pisces\n|-damage|p1a: Pisces|13/100\n|\n|upkeep\n|turn|34\n|\n|t:|1788272152\n|move|p1a: Pisces|Aqua Jet|p2a: Keldeo\n|-resisted|p2a: Keldeo\n|-damage|p2a: Keldeo|24/100\n|move|p2a: Keldeo|Surf|p1a: Pisces\n|-resisted|p1a: Pisces\n|-damage|p1a: Pisces|0 fnt\n|faint|p1a: Pisces\n|\n|upkeep\n|\n|t:|1788272156\n|switch|p1a: Enten|Landorus-Therian, M, shiny|76/100\n|-damage|p1a: Enten|64/100|[from] Stealth Rock\n|-ability|p1a: Enten|Intimidate|boost\n|-unboost|p2a: Keldeo|atk|1\n|turn|35\n|\n|t:|1788272168\n|move|p1a: Enten|Earthquake|p2a: Keldeo\n|-damage|p2a: Keldeo|0 fnt\n|faint|p2a: Keldeo\n|\n|upkeep\n|\n|t:|1788272173\n|switch|p2a: Dragonite|Dragonite, F, tera:Normal|64/100\n|-damage|p2a: Dragonite|48/100|[from] Spikes\n|-damage|p2a: Dragonite|35/100|[from] Stealth Rock\n|turn|36\n|\n|t:|1788272175\n|move|p2a: Dragonite|Extreme Speed|p1a: Enten\n|-damage|p1a: Enten|5/100\n|move|p1a: Enten|Earthquake|p2a: Dragonite\n|-damage|p2a: Dragonite|0 fnt\n|faint|p2a: Dragonite\n|\n|upkeep\n|j| Sashannarcy\n|-message|swagswag234 forfeited.\n|\n|win|bbt94\n|raw|bbt94's rating: 1541 &rarr; <strong>1558</strong><br />(+17 for winning)\n|raw|swagswag234's rating: 1497 &rarr; <strong>1480</strong><br />(-17 for losing)\n|l|\u2606swagswag234\n|player|p2|\n|l|\u2606bbt94\n|player|p1|\n|l| Sashannarcy\n", "uploadtime": 1788272434, "views": "0", "formatid": "gen9ou", "rating": 1480, "private": 0, "password": null}