{"id": "gen9ou-2673894854", "format": "[Gen 9] OU", "players": ["go b3yond", "repete64"], "log": "|j|\u2606go b3yond\n|j|\u2606repete64\n|t:|1788274150\n|gametype|singles\n|player|p1|go b3yond|waiter-gen4|1617\n|player|p2|repete64|2|1556\n|gen|9\n|tier|[Gen 9] OU\n|rated|\n|rule|HP Percentage Mod: HP is shown in percentages\n|rule|Endless Battle Clause: Forcing endless battles is banned\n|rule|Species Clause: Limit one of each Pok\u00e9mon\n|rule|OHKO Clause: OHKO moves are banned\n|rule|Evasion Items Clause: Evasion items are banned\n|rule|Evasion Moves Clause: Evasion moves are banned\n|rule|Evasion Abilities Clause: Evasion abilities are banned\n|rule|Sleep Moves Clause: Sleep-inducing moves are banned\n|clearpoke\n|poke|p1|Vikavolt, F|\n|poke|p1|Iron Valiant|\n|poke|p1|Heatran, F|\n|poke|p1|Meowscarada, M|\n|poke|p1|Great Tusk|\n|poke|p1|Kingambit, M|\n|poke|p2|Ting-Lu|\n|poke|p2|Iron Treads|\n|poke|p2|Kingambit, M|\n|poke|p2|Pecharunt|\n|poke|p2|Kyurem|\n|poke|p2|Clefable, F|\n|teampreview\n|inactive|Battle timer is ON: inactive players will automatically lose when time's up. (requested by go b3yond)\n|\n|t:|1788274172\n|teamsize|p1|6\n|teamsize|p2|6\n|start\n|switch|p1a: Kiruma|Vikavolt, F, shiny|100/100\n|switch|p2a: Kingambit|Kingambit, M|100/100\n|turn|1\n|j| Sashannarcy\n|\n|t:|1788274180\n|move|p2a: Kingambit|Swords Dance|p2a: Kingambit\n|-boost|p2a: Kingambit|atk|2\n|move|p1a: Kiruma|Bug Buzz|p2a: Kingambit\n|-damage|p2a: Kingambit|13/100\n|\n|-heal|p2a: Kingambit|19/100|[from] item: Leftovers\n|upkeep\n|turn|2\n|\n|t:|1788274189\n|switch|p1a: Duke Long|Great Tusk, shiny|100/100\n|move|p2a: Kingambit|Kowtow Cleave|p1a: Duke Long\n|-resisted|p1a: Duke Long\n|-damage|p1a: Duke Long|64/100\n|-damage|p2a: Kingambit|2/100|[from] item: Rocky Helmet|[of] p1a: Duke Long\n|\n|-heal|p2a: Kingambit|8/100|[from] item: Leftovers\n|upkeep\n|turn|3\n|\n|t:|1788274194\n|move|p1a: Duke Long|Headlong Rush|p2a: Kingambit\n|-supereffective|p2a: Kingambit\n|-damage|p2a: Kingambit|0 fnt\n|-unboost|p1a: Duke Long|def|1\n|-unboost|p1a: Duke Long|spd|1\n|faint|p2a: Kingambit\n|-end|p2a: Kingambit|fallenundefined|[silent]\n|\n|upkeep\n|\n|t:|1788274197\n|switch|p2a: Kyurem|Kyurem|100/100\n|-ability|p2a: Kyurem|Pressure\n|turn|4\n|\n|t:|1788274201\n|-end|p1a: Duke Long|Protosynthesis|[silent]\n|switch|p1a: Kiruma|Vikavolt, F, shiny|100/100\n|move|p2a: Kyurem|Substitute|p2a: Kyurem\n|-start|p2a: Kyurem|Substitute\n|-damage|p2a: Kyurem|75/100\n|\n|-heal|p2a: Kyurem|82/100|[from] item: Leftovers\n|upkeep\n|turn|5\n|\n|t:|1788274207\n|move|p2a: Kyurem|Protect|p2a: Kyurem\n|-singleturn|p2a: Kyurem|Protect\n|move|p1a: Kiruma|Bug Buzz|p2a: Kyurem\n|-activate|p2a: Kyurem|move: Protect\n|\n|-heal|p2a: Kyurem|88/100|[from] item: Leftovers\n|upkeep\n|turn|6\n|\n|t:|1788274222\n|move|p2a: Kyurem|Freeze-Dry|p1a: Kiruma\n|-crit|p1a: Kiruma\n|-damage|p1a: Kiruma|42/100\n|move|p1a: Kiruma|Bug Buzz|p2a: Kyurem\n|-damage|p2a: Kyurem|17/100\n|\n|-heal|p2a: Kyurem|23/100|[from] item: Leftovers\n|upkeep\n|turn|7\n|\n|t:|1788274228\n|move|p2a: Kyurem|Protect|p2a: Kyurem\n|-singleturn|p2a: Kyurem|Protect\n|move|p1a: Kiruma|Bug Buzz|p2a: Kyurem\n|-activate|p2a: Kyurem|move: Protect\n|\n|-heal|p2a: Kyurem|29/100|[from] item: Leftovers\n|upkeep\n|turn|8\n|\n|t:|1788274235\n|switch|p2a: Clefable|Clefable, F|100/100\n|switch|p1a: Duke Long|Great Tusk, shiny|64/100\n|\n|upkeep\n|turn|9\n|\n|t:|1788274239\n|-end|p1a: Duke Long|Protosynthesis|[silent]\n|switch|p1a: Inspector Tsukumo|Heatran, F, shiny|100/100\n|move|p2a: Clefable|Moonblast|p1a: Inspector Tsukumo\n|-resisted|p1a: Inspector Tsukumo\n|-damage|p1a: Inspector Tsukumo|93/100\n|\n|-heal|p1a: Inspector Tsukumo|99/100|[from] item: Leftovers\n|upkeep\n|turn|10\n|\n|t:|1788274243\n|move|p1a: Inspector Tsukumo|Magma Storm|p2a: Clefable\n|-crit|p2a: Clefable\n|-damage|p2a: Clefable|48/100\n|-activate|p2a: Clefable|move: Magma Storm|[of] p1a: Inspector Tsukumo\n|move|p2a: Clefable|Trick|p1a: Inspector Tsukumo\n|-activate|p2a: Clefable|move: Trick|[of] p1a: Inspector Tsukumo\n|-item|p1a: Inspector Tsukumo|Sticky Barb|[from] move: Trick\n|-item|p2a: Clefable|Leftovers|[from] move: Trick\n|\n|-heal|p2a: Clefable|54/100|[from] item: Leftovers\n|-damage|p1a: Inspector Tsukumo|87/100|[from] item: Sticky Barb\n|upkeep\n|turn|11\n|\n|t:|1788274249\n|move|p1a: Inspector Tsukumo|Taunt|p2a: Clefable\n|-start|p2a: Clefable|move: Taunt\n|cant|p2a: Clefable|move: Taunt|Moonlight\n|\n|-heal|p2a: Clefable|60/100|[from] item: Leftovers\n|-damage|p1a: Inspector Tsukumo|75/100|[from] item: Sticky Barb\n|upkeep\n|turn|12\n|\n|t:|1788274252\n|move|p1a: Inspector Tsukumo|Stealth Rock|p2a: Clefable\n|-sidestart|p2: repete64|move: Stealth Rock\n|move|p2a: Clefable|Moonblast|p1a: Inspector Tsukumo\n|-resisted|p1a: Inspector Tsukumo\n|-damage|p1a: Inspector Tsukumo|67/100\n|\n|-heal|p2a: Clefable|66/100|[from] item: Leftovers\n|-damage|p1a: Inspector Tsukumo|55/100|[from] item: Sticky Barb\n|upkeep\n|turn|13\n|\n|t:|1788274254\n|move|p1a: Inspector Tsukumo|Magma Storm|p2a: Clefable|[miss]\n|-miss|p1a: Inspector Tsukumo|p2a: Clefable\n|move|p2a: Clefable|Moonblast|p1a: Inspector Tsukumo\n|-resisted|p1a: Inspector Tsukumo\n|-damage|p1a: Inspector Tsukumo|47/100\n|\n|-heal|p2a: Clefable|72/100|[from] item: Leftovers\n|-end|p2a: Clefable|move: Taunt\n|-damage|p1a: Inspector Tsukumo|35/100|[from] item: Sticky Barb\n|upkeep\n|turn|14\n|\n|t:|1788274259\n|move|p1a: Inspector Tsukumo|Magma Storm|p2a: Clefable\n|-damage|p2a: Clefable|37/100\n|move|p2a: Clefable|Thunder Wave|p1a: Inspector Tsukumo\n|-status|p1a: Inspector Tsukumo|par\n|\n|-heal|p2a: Clefable|43/100|[from] item: Leftovers\n|-damage|p1a: Inspector Tsukumo|22/100 par|[from] item: Sticky Barb\n|upkeep\n|turn|15\n|\n|t:|1788274263\n|move|p2a: Clefable|Moonlight|p2a: Clefable\n|-heal|p2a: Clefable|93/100\n|cant|p1a: Inspector Tsukumo|par\n|\n|-heal|p2a: Clefable|99/100|[from] item: Leftovers\n|-end|p2a: Clefable|Magma Storm|[partiallytrapped]\n|-damage|p1a: Inspector Tsukumo|10/100 par|[from] item: Sticky Barb\n|upkeep\n|turn|16\n|\n|t:|1788274271\n|move|p2a: Clefable|Moonblast|p1a: Inspector Tsukumo\n|-resisted|p1a: Inspector Tsukumo\n|-damage|p1a: Inspector Tsukumo|1/100 par\n|move|p1a: Inspector Tsukumo|Magma Storm|p2a: Clefable\n|-damage|p2a: Clefable|65/100\n|-activate|p2a: Clefable|move: Magma Storm|[of] p1a: Inspector Tsukumo\n|\n|-heal|p2a: Clefable|72/100|[from] item: Leftovers\n|-damage|p1a: Inspector Tsukumo|0 fnt|[from] item: Sticky Barb\n|faint|p1a: Inspector Tsukumo\n|upkeep\n|\n|t:|1788274297\n|switch|p1a: L|Kingambit, M, shiny|100/100\n|-activate|p1a: L|ability: Supreme Overlord\n|-start|p1a: L|fallen1|[silent]\n|-item|p1a: L|Air Balloon\n|turn|17\n|c|\u2606repete64|does it still say magma storm for you\n|j| nfbfkmf\n|\n|t:|1788274319\n|move|p1a: L|Iron Head|p2a: Clefable\n|-supereffective|p2a: Clefable\n|-damage|p2a: Clefable|0 fnt\n|faint|p2a: Clefable\n|\n|upkeep\n|\n|t:|1788274324\n|switch|p2a: Iron Treads|Iron Treads|100/100\n|-damage|p2a: Iron Treads|97/100|[from] Stealth Rock\n|-item|p2a: Iron Treads|Air Balloon\n|turn|18\n|c|\u2606go b3yond|yeah it happens when he dies from sticky barb\n|c|\u2606repete64|neat\n|c|\u2606go b3yond|yeah right?\n|inactive|go b3yond has 120 seconds left.\n|c|\u2606go b3yond|this is the 2nd time this happened\n|\n|t:|1788274357\n|-terastallize|p1a: L|Ghost\n|move|p2a: Iron Treads|Rapid Spin|p1a: L\n|-immune|p1a: L\n|move|p1a: L|Swords Dance|p1a: L\n|-boost|p1a: L|atk|2\n|\n|upkeep\n|turn|19\n|inactive|go b3yond has 120 seconds left.\n|c|\u2606repete64|rude\n|\n|t:|1788274366\n|move|p2a: Iron Treads|Knock Off|p1a: L\n|-supereffective|p1a: L\n|-damage|p1a: L|45/100\n|-enditem|p1a: L|Air Balloon\n|move|p1a: L|Kowtow Cleave|p2a: Iron Treads\n|-damage|p2a: Iron Treads|0 fnt\n|-enditem|p2a: Iron Treads|Air Balloon\n|faint|p2a: Iron Treads\n|-end|p2a: Iron Treads|Quark Drive|[silent]\n|\n|upkeep\n|\n|t:|1788274369\n|switch|p2a: Ting-Lu|Ting-Lu|100/100\n|-damage|p2a: Ting-Lu|94/100|[from] Stealth Rock\n|-ability|p2a: Ting-Lu|Vessel of Ruin\n|turn|20\n|\n|t:|1788274381\n|move|p1a: L|Kowtow Cleave|p2a: Ting-Lu\n|-resisted|p2a: Ting-Lu\n|-damage|p2a: Ting-Lu|66/100\n|move|p2a: Ting-Lu|Sand Tomb|p1a: L\n|-damage|p1a: L|34/100\n|-activate|p1a: L|move: Sand Tomb|[of] p2a: Ting-Lu\n|\n|-heal|p2a: Ting-Lu|73/100|[from] item: Leftovers\n|-damage|p1a: L|22/100|[from] move: Sand Tomb|[partiallytrapped]\n|upkeep\n|turn|21\n|\n|t:|1788274385\n|move|p2a: Ting-Lu|Protect|p2a: Ting-Lu\n|-singleturn|p2a: Ting-Lu|Protect\n|move|p1a: L|Iron Head|p2a: Ting-Lu\n|-activate|p2a: Ting-Lu|move: Protect\n|\n|-heal|p2a: Ting-Lu|79/100|[from] item: Leftovers\n|-damage|p1a: L|9/100|[from] move: Sand Tomb|[partiallytrapped]\n|upkeep\n|turn|22\n|\n|t:|1788274387\n|move|p2a: Ting-Lu|Protect||[still]\n|-fail|p2a: Ting-Lu\n|move|p1a: L|Iron Head|p2a: Ting-Lu\n|-damage|p2a: Ting-Lu|24/100\n|\n|-heal|p2a: Ting-Lu|31/100|[from] item: Leftovers\n|-damage|p1a: L|0 fnt|[from] move: Sand Tomb|[partiallytrapped]\n|faint|p1a: L\n|-end|p1a: L|fallen1|[silent]\n|upkeep\n|\n|t:|1788274395\n|switch|p1a: Funny Valentine|Meowscarada, M, shiny|100/100\n|turn|23\n|\n|t:|1788274400\n|move|p2a: Ting-Lu|Protect|p2a: Ting-Lu\n|-singleturn|p2a: Ting-Lu|Protect\n|move|p1a: Funny Valentine|Triple Axel|p2a: Ting-Lu\n|-start|p1a: Funny Valentine|typechange|Ice|[from] ability: Protean\n|-activate|p2a: Ting-Lu|move: Protect\n|\n|-heal|p2a: Ting-Lu|37/100|[from] item: Leftovers\n|upkeep\n|turn|24\n|\n|t:|1788274411\n|move|p1a: Funny Valentine|U-turn|p2a: Ting-Lu\n|-supereffective|p2a: Ting-Lu\n|-crit|p2a: Ting-Lu\n|-damage|p2a: Ting-Lu|6/100\n|\n|t:|1788274415\n|switch|p1a: Duke Long|Great Tusk, shiny|64/100|[from] U-turn\n|move|p2a: Ting-Lu|Earthquake|p1a: Duke Long\n|-damage|p1a: Duke Long|39/100\n|\n|-heal|p2a: Ting-Lu|12/100|[from] item: Leftovers\n|upkeep\n|turn|25\n|\n|t:|1788274422\n|move|p1a: Duke Long|Rapid Spin|p2a: Ting-Lu\n|-damage|p2a: Ting-Lu|3/100\n|-boost|p1a: Duke Long|spe|1\n|move|p2a: Ting-Lu|Earthquake|p1a: Duke Long\n|-damage|p1a: Duke Long|12/100\n|\n|-heal|p2a: Ting-Lu|9/100|[from] item: Leftovers\n|upkeep\n|turn|26\n|\n|t:|1788274425\n|move|p2a: Ting-Lu|Protect|p2a: Ting-Lu\n|-singleturn|p2a: Ting-Lu|Protect\n|move|p1a: Duke Long|Headlong Rush|p2a: Ting-Lu\n|-activate|p2a: Ting-Lu|move: Protect\n|\n|-heal|p2a: Ting-Lu|15/100|[from] item: Leftovers\n|upkeep\n|turn|27\n|\n|t:|1788274427\n|move|p1a: Duke Long|Headlong Rush|p2a: Ting-Lu\n|-damage|p2a: Ting-Lu|0 fnt\n|-unboost|p1a: Duke Long|def|1\n|-unboost|p1a: Duke Long|spd|1\n|faint|p2a: Ting-Lu\n|\n|upkeep\n|\n|t:|1788274429\n|switch|p2a: Pecharunt|Pecharunt|100/100\n|turn|28\n|\n|t:|1788274433\n|-terastallize|p2a: Pecharunt|Dark\n|move|p1a: Duke Long|Headlong Rush|p2a: Pecharunt\n|-damage|p2a: Pecharunt|72/100\n|-unboost|p1a: Duke Long|def|1\n|-unboost|p1a: Duke Long|spd|1\n|move|p2a: Pecharunt|Shadow Ball|p1a: Duke Long\n|-damage|p1a: Duke Long|0 fnt\n|faint|p1a: Duke Long\n|-end|p1a: Duke Long|Protosynthesis|[silent]\n|\n|upkeep\n|\n|t:|1788274438\n|switch|p1a: Rum|Iron Valiant, shiny|100/100\n|-enditem|p1a: Rum|Booster Energy\n|-activate|p1a: Rum|ability: Quark Drive|[fromitem]\n|-start|p1a: Rum|quarkdrivespe\n|turn|29\n|\n|t:|1788274441\n|move|p1a: Rum|Moonblast|p2a: Pecharunt\n|-supereffective|p2a: Pecharunt\n|-damage|p2a: Pecharunt|0 fnt\n|faint|p2a: Pecharunt\n|\n|upkeep\n|c|\u2606repete64|gg\n|c|\u2606go b3yond|ggs\n|-message|repete64 forfeited.\n|\n|win|go b3yond\n|raw|go b3yond's rating: 1617 &rarr; <strong>1634</strong><br />(+17 for winning)\n|raw|repete64's rating: 1556 &rarr; <strong>1539</strong><br />(-17 for losing)\n|l|\u2606repete64\n|player|p2|\n|l|\u2606go b3yond\n|player|p1|\n|l| Sashannarcy\n", "uploadtime": 1788274605, "views": "1", "formatid": "gen9ou", "rating": 1539, "private": 0, "password": null}