{"id": "gen9ou-2673882696", "format": "[Gen 9] OU", "players": ["Penguinxdd", "dellpm1"], "log": "|j|\u2606Penguinxdd\n|j|\u2606dellpm1\n|t:|1788272655\n|gametype|singles\n|player|p1|Penguinxdd|veteran|1458\n|player|p2|dellpm1|265|1413\n|gen|9\n|tier|[Gen 9] OU\n|rated|\n|rule|HP Percentage Mod: HP is shown in percentages\n|rule|Endless Battle Clause: Forcing endless battles is banned\n|rule|Species Clause: Limit one of each Pok\u00e9mon\n|rule|OHKO Clause: OHKO moves are banned\n|rule|Evasion Items Clause: Evasion items are banned\n|rule|Evasion Moves Clause: Evasion moves are banned\n|rule|Evasion Abilities Clause: Evasion abilities are banned\n|rule|Sleep Moves Clause: Sleep-inducing moves are banned\n|clearpoke\n|poke|p1|Hatterene, F|\n|poke|p1|Iron Treads|\n|poke|p1|Volcanion|\n|poke|p1|Gholdengo|\n|poke|p1|Darkrai|\n|poke|p1|Kyurem|\n|poke|p2|Araquanid, F|\n|poke|p2|Enamorus, F|\n|poke|p2|Serperior, M|\n|poke|p2|Cinderace, M|\n|poke|p2|Milotic, F|\n|poke|p2|Kingambit, F|\n|teampreview\n|\n|t:|1788272677\n|teamsize|p1|6\n|teamsize|p2|6\n|start\n|switch|p1a: Kyurem|Kyurem|100/100\n|switch|p2a: Araquanid|Araquanid, F|100/100\n|-ability|p1a: Kyurem|Pressure\n|turn|1\n|inactive|Battle timer is ON: inactive players will automatically lose when time's up. (requested by Penguinxdd)\n|\n|t:|1788272688\n|move|p1a: Kyurem|Dragon Dance|p1a: Kyurem\n|-boost|p1a: Kyurem|atk|1\n|-boost|p1a: Kyurem|spe|1\n|move|p2a: Araquanid|Sticky Web|p1a: Kyurem\n|-sidestart|p1: Penguinxdd|move: Sticky Web\n|\n|upkeep\n|turn|2\n|\n|t:|1788272702\n|move|p1a: Kyurem|Dragon Dance|p1a: Kyurem\n|-boost|p1a: Kyurem|atk|1\n|-boost|p1a: Kyurem|spe|1\n|move|p2a: Araquanid|Surf|p1a: Kyurem\n|-resisted|p1a: Kyurem\n|-damage|p1a: Kyurem|71/100\n|\n|upkeep\n|turn|3\n|\n|t:|1788272705\n|move|p1a: Kyurem|Scale Shot|p2a: Araquanid\n|-damage|p2a: Araquanid|72/100\n|-crit|p2a: Araquanid\n|-damage|p2a: Araquanid|33/100\n|-damage|p2a: Araquanid|8/100\n|-damage|p2a: Araquanid|0 fnt\n|faint|p2a: Araquanid\n|-hitcount|p2: Araquanid|4\n|-unboost|p1a: Kyurem|def|1\n|-boost|p1a: Kyurem|spe|1\n|\n|upkeep\n|\n|t:|1788272710\n|switch|p2a: Milotic|Milotic, F|100/100\n|turn|4\n|\n|t:|1788272713\n|-terastallize|p2a: Milotic|Fairy\n|move|p1a: Kyurem|Scale Shot|p2a: Milotic\n|-immune|p2a: Milotic\n|move|p2a: Milotic|Draining Kiss|p1a: Kyurem\n|-supereffective|p1a: Kyurem\n|-damage|p1a: Kyurem|0 fnt\n|faint|p1a: Kyurem\n|\n|upkeep\n|\n|t:|1788272718\n|switch|p1a: Volcanion|Volcanion|100/100\n|-activate|p1a: Volcanion|move: Sticky Web\n|-unboost|p1a: Volcanion|spe|1\n|turn|5\n|\n|t:|1788272726\n|move|p2a: Milotic|Draining Kiss|p1a: Volcanion\n|-resisted|p1a: Volcanion\n|-damage|p1a: Volcanion|74/100\n|move|p1a: Volcanion|Steam Eruption|p2a: Milotic\n|-damage|p2a: Milotic|37/100\n|-status|p2a: Milotic|brn\n|\n|-damage|p2a: Milotic|31/100 brn|[from] brn\n|upkeep\n|turn|6\n|\n|t:|1788272740\n|move|p2a: Milotic|Draining Kiss|p1a: Volcanion\n|-resisted|p1a: Volcanion\n|-damage|p1a: Volcanion|46/100\n|-heal|p2a: Milotic|47/100 brn|[from] drain|[of] p1a: Volcanion\n|move|p1a: Volcanion|Steam Eruption|p2a: Milotic\n|-damage|p2a: Milotic|0 fnt\n|faint|p2a: Milotic\n|\n|upkeep\n|\n|t:|1788272751\n|switch|p2a: Serperior|Serperior, M|100/100\n|turn|7\n|\n|t:|1788272768\n|move|p2a: Serperior|Leaf Storm|p1a: Volcanion\n|-damage|p1a: Volcanion|0 fnt\n|-boost|p2a: Serperior|spa|2\n|faint|p1a: Volcanion\n|\n|upkeep\n|\n|t:|1788272770\n|switch|p1a: Darkrai|Darkrai|100/100\n|-activate|p1a: Darkrai|move: Sticky Web\n|-unboost|p1a: Darkrai|spe|1\n|turn|8\n|\n|t:|1788272784\n|switch|p2a: Enamorus|Enamorus, F|100/100\n|-terastallize|p1a: Darkrai|Poison\n|move|p1a: Darkrai|Sludge Bomb|p2a: Enamorus\n|-supereffective|p2a: Enamorus\n|-damage|p2a: Enamorus|0 fnt\n|faint|p2a: Enamorus\n|\n|upkeep\n|\n|t:|1788272791\n|switch|p2a: Cinderace|Cinderace, M|100/100\n|turn|9\n|\n|t:|1788272802\n|switch|p1a: Magic Bounson|Hatterene, F|100/100\n|-activate|p1a: Magic Bounson|move: Sticky Web\n|-unboost|p1a: Magic Bounson|spe|1\n|move|p2a: Cinderace|Court Change|p2a: Cinderace\n|-start|p2a: Cinderace|typechange|Normal|[from] ability: Libero\n|-swapsideconditions\n|-activate|p2a: Cinderace|move: Court Change\n|\n|upkeep\n|turn|10\n|\n|t:|1788272822\n|move|p2a: Cinderace|Pyro Ball|p1a: Magic Bounson\n|-damage|p1a: Magic Bounson|70/100\n|move|p1a: Magic Bounson|Psychic Noise|p2a: Cinderace\n|-damage|p2a: Cinderace|52/100\n|-start|p2a: Cinderace|move: Heal Block\n|\n|upkeep\n|turn|11\n|\n|t:|1788272828\n|switch|p2a: Kingambit|Kingambit, F|100/100\n|-activate|p2a: Kingambit|move: Sticky Web\n|-unboost|p2a: Kingambit|spe|1\n|-ability|p2a: Kingambit|Defiant|boost\n|-boost|p2a: Kingambit|atk|2\n|move|p1a: Magic Bounson|Draining Kiss|p2a: Kingambit\n|-damage|p2a: Kingambit|76/100\n|-heal|p1a: Magic Bounson|89/100|[from] drain|[of] p2a: Kingambit\n|\n|upkeep\n|turn|12\n|\n|t:|1788272839\n|move|p2a: Kingambit|Kowtow Cleave|p1a: Magic Bounson\n|-damage|p1a: Magic Bounson|0 fnt\n|-damage|p2a: Kingambit|60/100|[from] item: Rocky Helmet|[of] p1a: Magic Bounson\n|faint|p1a: Magic Bounson\n|\n|upkeep\n|\n|t:|1788272842\n|switch|p1a: Iron Treads|Iron Treads|100/100\n|-item|p1a: Iron Treads|Air Balloon\n|turn|13\n|\n|t:|1788272847\n|switch|p2a: Serperior|Serperior, M|100/100\n|-activate|p2a: Serperior|move: Sticky Web\n|-boost|p2a: Serperior|spe|1\n|move|p1a: Iron Treads|Earthquake|p2a: Serperior\n|-resisted|p2a: Serperior\n|-damage|p2a: Serperior|72/100\n|\n|-heal|p2a: Serperior|78/100|[from] item: Leftovers\n|upkeep\n|turn|14\n|\n|t:|1788272867\n|-end|p1a: Iron Treads|Quark Drive|[silent]\n|switch|p1a: Darkrai|Darkrai, tera:Poison|100/100\n|move|p2a: Serperior|Leaf Storm|p1a: Darkrai\n|-resisted|p1a: Darkrai\n|-damage|p1a: Darkrai|72/100\n|-boost|p2a: Serperior|spa|2\n|\n|-heal|p2a: Serperior|84/100|[from] item: Leftovers\n|upkeep\n|turn|15\n|\n|t:|1788272879\n|move|p1a: Darkrai|Sludge Bomb|p2a: Serperior\n|-supereffective|p2a: Serperior\n|-damage|p2a: Serperior|0 fnt\n|faint|p2a: Serperior\n|\n|upkeep\n|\n|t:|1788272884\n|switch|p2a: Kingambit|Kingambit, F|60/100\n|-activate|p2a: Kingambit|move: Sticky Web\n|-unboost|p2a: Kingambit|spe|1\n|-ability|p2a: Kingambit|Defiant|boost\n|-boost|p2a: Kingambit|atk|2\n|turn|16\n|\n|t:|1788272893\n|switch|p1a: Lebron Rains|Gholdengo|100/100\n|move|p2a: Kingambit|Kowtow Cleave|p1a: Lebron Rains\n|-supereffective|p1a: Lebron Rains\n|-damage|p1a: Lebron Rains|0 fnt\n|faint|p1a: Lebron Rains\n|\n|upkeep\n|\n|t:|1788272895\n|switch|p1a: Iron Treads|Iron Treads|100/100\n|-item|p1a: Iron Treads|Air Balloon\n|turn|17\n|\n|t:|1788272902\n|move|p2a: Kingambit|Sucker Punch|p1a: Iron Treads\n|-damage|p1a: Iron Treads|16/100\n|-enditem|p1a: Iron Treads|Air Balloon\n|move|p1a: Iron Treads|Earthquake|p2a: Kingambit\n|-supereffective|p2a: Kingambit\n|-damage|p2a: Kingambit|0 fnt\n|faint|p2a: Kingambit\n|\n|upkeep\n|\n|t:|1788272907\n|switch|p2a: Cinderace|Cinderace, M|52/100\n|turn|18\n|\n|t:|1788272913\n|move|p2a: Cinderace|Pyro Ball|p1a: Iron Treads\n|-supereffective|p1a: Iron Treads\n|-damage|p1a: Iron Treads|0 fnt\n|faint|p1a: Iron Treads\n|-end|p1a: Iron Treads|Quark Drive|[silent]\n|\n|upkeep\n|\n|t:|1788272915\n|switch|p1a: Darkrai|Darkrai, tera:Poison|72/100\n|turn|19\n|\n|t:|1788272930\n|move|p1a: Darkrai|Sludge Bomb|p2a: Cinderace\n|-damage|p2a: Cinderace|0 fnt\n|faint|p2a: Cinderace\n|\n|win|Penguinxdd\n|raw|Penguinxdd's rating: 1458 &rarr; <strong>1475</strong><br />(+17 for winning)\n|raw|dellpm1's rating: 1413 &rarr; <strong>1396</strong><br />(-17 for losing)\n|l|\u2606Penguinxdd\n|player|p1|\n|l|\u2606dellpm1\n|player|p2|\n", "uploadtime": 1788273112, "views": "0", "formatid": "gen9ou", "rating": 1396, "private": 0, "password": null}