{"id": "gen9ou-2674021765", "format": "[Gen 9] OU", "players": ["arturohdez", "Prav33n"], "log": "|j|\u2606arturohdez\n|j|\u2606Prav33n\n|t:|1788289213\n|gametype|singles\n|player|p1|arturohdez|lucas|1711\n|player|p2|Prav33n|koga|1605\n|gen|9\n|tier|[Gen 9] OU\n|rated|\n|rule|HP Percentage Mod: HP is shown in percentages\n|rule|Endless Battle Clause: Forcing endless battles is banned\n|rule|Species Clause: Limit one of each Pok\u00e9mon\n|rule|OHKO Clause: OHKO moves are banned\n|rule|Evasion Items Clause: Evasion items are banned\n|rule|Evasion Moves Clause: Evasion moves are banned\n|rule|Evasion Abilities Clause: Evasion abilities are banned\n|rule|Sleep Moves Clause: Sleep-inducing moves are banned\n|clearpoke\n|poke|p1|Deoxys-Speed|\n|poke|p1|Samurott-Hisui, M|\n|poke|p1|Kingambit, M|\n|poke|p1|Ceruledge, M|\n|poke|p1|Iron Valiant|\n|poke|p1|Zamazenta-*|\n|poke|p2|Samurott-Hisui, M|\n|poke|p2|Gholdengo|\n|poke|p2|Gliscor, F|\n|poke|p2|Zamazenta-*|\n|poke|p2|Kyurem|\n|poke|p2|Glimmora, M|\n|teampreview\n|inactive|Battle timer is ON: inactive players will automatically lose when time's up. (requested by arturohdez)\n|\n|t:|1788289254\n|teamsize|p1|6\n|teamsize|p2|6\n|start\n|switch|p1a: Deoxys|Deoxys-Speed|100/100\n|switch|p2a: Samurott|Samurott-Hisui, M|100/100\n|-ability|p1a: Deoxys|Pressure\n|turn|1\n|\n|t:|1788289261\n|move|p1a: Deoxys|Reflect|p1a: Deoxys\n|-sidestart|p1: arturohdez|Reflect\n|move|p2a: Samurott|Ceaseless Edge|p1a: Deoxys|[miss]\n|-miss|p2a: Samurott|p1a: Deoxys\n|\n|upkeep\n|turn|2\n|\n|t:|1788289268\n|move|p1a: Deoxys|Stealth Rock|p2a: Samurott\n|-sidestart|p2: Prav33n|move: Stealth Rock\n|move|p2a: Samurott|Ceaseless Edge|p1a: Deoxys\n|-supereffective|p1a: Deoxys\n|-damage|p1a: Deoxys|49/100\n|-sidestart|p1: arturohdez|Spikes\n|\n|upkeep\n|turn|3\n|\n|t:|1788289274\n|move|p1a: Deoxys|Light Screen|p1a: Deoxys\n|-sidestart|p1: arturohdez|move: Light Screen\n|move|p2a: Samurott|Ceaseless Edge|p1a: Deoxys\n|-supereffective|p1a: Deoxys\n|-damage|p1a: Deoxys|0 fnt\n|-sidestart|p1: arturohdez|Spikes\n|faint|p1a: Deoxys\n|\n|upkeep\n|\n|t:|1788289290\n|switch|p1a: Samurott|Samurott-Hisui, M|100/100\n|-damage|p1a: Samurott|84/100|[from] Spikes\n|turn|4\n|\n|t:|1788289301\n|move|p2a: Samurott|Ceaseless Edge|p1a: Samurott\n|-resisted|p1a: Samurott\n|-damage|p1a: Samurott|71/100\n|-sidestart|p1: arturohdez|Spikes\n|move|p1a: Samurott|Ceaseless Edge|p2a: Samurott\n|-resisted|p2a: Samurott\n|-damage|p2a: Samurott|64/100\n|-sidestart|p2: Prav33n|Spikes\n|\n|upkeep\n|turn|5\n|\n|t:|1788289307\n|switch|p2a: Glimmora|Glimmora, M|100/100\n|-damage|p2a: Glimmora|88/100|[from] Stealth Rock\n|-damage|p2a: Glimmora|76/100|[from] Spikes\n|move|p1a: Samurott|Ceaseless Edge|p2a: Glimmora\n|-damage|p2a: Glimmora|33/100\n|-activate|p2a: Glimmora|ability: Toxic Debris\n|-sidestart|p1: arturohdez|move: Toxic Spikes\n|-sidestart|p2: Prav33n|Spikes\n|-enditem|p2a: Glimmora|Red Card|[of] p1a: Samurott\n|drag|p1a: Iron Valiant|Iron Valiant|100/100\n|-damage|p1a: Iron Valiant|76/100|[from] Spikes\n|-status|p1a: Iron Valiant|psn\n|-enditem|p1a: Iron Valiant|Booster Energy\n|-activate|p1a: Iron Valiant|ability: Quark Drive|[fromitem]\n|-start|p1a: Iron Valiant|quarkdrivespe\n|\n|-damage|p1a: Iron Valiant|63/100 psn|[from] psn\n|upkeep\n|turn|6\n|\n|t:|1788289321\n|move|p1a: Iron Valiant|Close Combat|p2a: Glimmora\n|-damage|p2a: Glimmora|0 fnt\n|-unboost|p1a: Iron Valiant|def|1\n|-unboost|p1a: Iron Valiant|spd|1\n|-activate|p2a: Glimmora|ability: Toxic Debris\n|-sidestart|p1: arturohdez|move: Toxic Spikes\n|faint|p2a: Glimmora\n|\n|-damage|p1a: Iron Valiant|51/100 psn|[from] psn\n|upkeep\n|\n|t:|1788289332\n|switch|p2a: Gliscor|Gliscor, F|100/100\n|-damage|p2a: Gliscor|88/100|[from] Stealth Rock\n|turn|7\n|j| A Tub Of Lard\n|\n|t:|1788289339\n|move|p2a: Gliscor|Protect|p2a: Gliscor\n|-singleturn|p2a: Gliscor|Protect\n|move|p1a: Iron Valiant|Knock Off|p2a: Gliscor\n|-activate|p2a: Gliscor|move: Protect\n|\n|-damage|p1a: Iron Valiant|38/100 psn|[from] psn\n|-status|p2a: Gliscor|tox|[from] item: Toxic Orb\n|upkeep\n|turn|8\n|l| A Tub Of Lard\n|\n|t:|1788289348\n|move|p1a: Iron Valiant|Moonblast|p2a: Gliscor\n|-damage|p2a: Gliscor|37/100 tox\n|move|p2a: Gliscor|Facade|p1a: Iron Valiant\n|-damage|p1a: Iron Valiant|6/100 psn\n|\n|-damage|p1a: Iron Valiant|0 fnt|[from] psn\n|faint|p1a: Iron Valiant\n|-end|p1a: Iron Valiant|Quark Drive|[silent]\n|-heal|p2a: Gliscor|49/100 tox|[from] ability: Poison Heal\n|-sideend|p1: arturohdez|Reflect\n|upkeep\n|\n|t:|1788289358\n|switch|p1a: Samurott|Samurott-Hisui, M|71/100\n|-damage|p1a: Samurott|46/100|[from] Spikes\n|-status|p1a: Samurott|tox\n|turn|9\n|\n|t:|1788289361\n|move|p2a: Gliscor|Protect|p2a: Gliscor\n|-singleturn|p2a: Gliscor|Protect\n|move|p1a: Samurott|Ceaseless Edge|p2a: Gliscor\n|-activate|p2a: Gliscor|move: Protect\n|\n|-heal|p2a: Gliscor|62/100 tox|[from] ability: Poison Heal\n|-damage|p1a: Samurott|39/100 tox|[from] psn\n|upkeep\n|turn|10\n|\n|t:|1788289365\n|move|p2a: Gliscor|Facade|p1a: Samurott\n|-damage|p1a: Samurott|0 fnt\n|faint|p1a: Samurott\n|\n|-heal|p2a: Gliscor|74/100 tox|[from] ability: Poison Heal\n|-sideend|p1: arturohdez|move: Light Screen\n|upkeep\n|\n|t:|1788289388\n|switch|p1a: Ceruledge|Ceruledge, M|100/100\n|-damage|p1a: Ceruledge|76/100|[from] Spikes\n|-status|p1a: Ceruledge|tox\n|turn|11\n|\n|t:|1788289398\n|move|p2a: Gliscor|Swords Dance|p2a: Gliscor\n|-boost|p2a: Gliscor|atk|2\n|move|p1a: Ceruledge|Poltergeist|p2a: Gliscor\n|-activate|p2a: Gliscor|move: Poltergeist|Toxic Orb\n|-damage|p2a: Gliscor|15/100 tox\n|\n|-heal|p2a: Gliscor|28/100 tox|[from] ability: Poison Heal\n|-damage|p1a: Ceruledge|70/100 tox|[from] psn\n|upkeep\n|turn|12\n|\n|t:|1788289406\n|move|p2a: Gliscor|Protect|p2a: Gliscor\n|-singleturn|p2a: Gliscor|Protect\n|move|p1a: Ceruledge|Shadow Sneak|p2a: Gliscor\n|-activate|p2a: Gliscor|move: Protect\n|\n|-heal|p2a: Gliscor|40/100 tox|[from] ability: Poison Heal\n|-damage|p1a: Ceruledge|58/100 tox|[from] psn\n|upkeep\n|turn|13\n|\n|t:|1788289409\n|move|p1a: Ceruledge|Shadow Sneak|p2a: Gliscor\n|-damage|p2a: Gliscor|21/100 tox\n|move|p2a: Gliscor|Knock Off|p1a: Ceruledge\n|-supereffective|p1a: Ceruledge\n|-damage|p1a: Ceruledge|0 fnt\n|-enditem|p1a: Ceruledge|Spell Tag|[from] move: Knock Off|[of] p2a: Gliscor\n|faint|p1a: Ceruledge\n|\n|-heal|p2a: Gliscor|33/100 tox|[from] ability: Poison Heal\n|upkeep\n|\n|t:|1788289417\n|switch|p1a: Zamazenta|Zamazenta|100/100\n|-damage|p1a: Zamazenta|76/100|[from] Spikes\n|-status|p1a: Zamazenta|tox\n|-ability|p1a: Zamazenta|Dauntless Shield|boost\n|-boost|p1a: Zamazenta|def|1\n|turn|14\n|\n|t:|1788289422\n|move|p2a: Gliscor|Knock Off|p1a: Zamazenta\n|-resisted|p1a: Zamazenta\n|-damage|p1a: Zamazenta|65/100 tox\n|-enditem|p1a: Zamazenta|Leftovers|[from] move: Knock Off|[of] p2a: Gliscor\n|move|p1a: Zamazenta|Roar|p2a: Gliscor\n|drag|p2a: Zamazenta|Zamazenta|100/100\n|-damage|p2a: Zamazenta|94/100|[from] Stealth Rock\n|-damage|p2a: Zamazenta|78/100|[from] Spikes\n|-ability|p2a: Zamazenta|Dauntless Shield|boost\n|-boost|p2a: Zamazenta|def|1\n|\n|-heal|p2a: Zamazenta|84/100|[from] item: Leftovers\n|-damage|p1a: Zamazenta|59/100 tox|[from] psn\n|upkeep\n|turn|15\n|\n|t:|1788289429\n|move|p2a: Zamazenta|Roar|p1a: Zamazenta\n|drag|p1a: Kingambit|Kingambit, M|100/100\n|-activate|p1a: Kingambit|ability: Supreme Overlord\n|-start|p1a: Kingambit|fallen4|[silent]\n|-item|p1a: Kingambit|Air Balloon\n|\n|-heal|p2a: Zamazenta|90/100|[from] item: Leftovers\n|upkeep\n|turn|16\n|\n|t:|1788289434\n|-end|p1a: Kingambit|fallen4|[silent]\n|switch|p1a: Zamazenta|Zamazenta|59/100 tox\n|-damage|p1a: Zamazenta|34/100 tox|[from] Spikes\n|move|p2a: Zamazenta|Iron Defense|p2a: Zamazenta\n|-boost|p2a: Zamazenta|def|2\n|\n|-heal|p2a: Zamazenta|96/100|[from] item: Leftovers\n|-damage|p1a: Zamazenta|28/100 tox|[from] psn\n|upkeep\n|turn|17\n|\n|t:|1788289441\n|move|p2a: Zamazenta|Body Press|p1a: Zamazenta\n|-damage|p1a: Zamazenta|0 fnt\n|faint|p1a: Zamazenta\n|\n|-heal|p2a: Zamazenta|100/100|[from] item: Leftovers\n|upkeep\n|\n|t:|1788289443\n|switch|p1a: Kingambit|Kingambit, M|100/100\n|-activate|p1a: Kingambit|ability: Supreme Overlord\n|-start|p1a: Kingambit|fallen5|[silent]\n|-item|p1a: Kingambit|Air Balloon\n|turn|18\n|\n|t:|1788289445\n|-terastallize|p1a: Kingambit|Fire\n|move|p2a: Zamazenta|Crunch|p1a: Kingambit\n|-damage|p1a: Kingambit|83/100\n|-enditem|p1a: Kingambit|Air Balloon\n|move|p1a: Kingambit|Swords Dance|p1a: Kingambit\n|-boost|p1a: Kingambit|atk|2\n|\n|upkeep\n|turn|19\n|\n|t:|1788289455\n|move|p2a: Zamazenta|Iron Defense|p2a: Zamazenta\n|-boost|p2a: Zamazenta|def|2\n|move|p1a: Kingambit|Low Kick|p2a: Zamazenta\n|-damage|p2a: Zamazenta|71/100\n|\n|-heal|p2a: Zamazenta|77/100|[from] item: Leftovers\n|upkeep\n|turn|20\n|\n|t:|1788289460\n|move|p2a: Zamazenta|Body Press|p1a: Kingambit\n|-damage|p1a: Kingambit|0 fnt\n|faint|p1a: Kingambit\n|-end|p1a: Kingambit|fallen5|[silent]\n|\n|win|Prav33n\n|raw|arturohdez's rating: 1711 &rarr; <strong>1687</strong><br />(-24 for losing)\n|raw|Prav33n's rating: 1633 &rarr; <strong>1657</strong><br />(+24 for winning)\n|c|\u2606Prav33n|gg\n|l|\u2606arturohdez\n|player|p1|\n", "uploadtime": 1788289463, "views": "11", "formatid": "gen9ou", "rating": 1657, "private": 0, "password": null}