{"id": "gen9ou-2673988312", "format": "[Gen 9] OU", "players": ["Copycat grafaiai", "Icoss31"], "log": "|j|\u2606Copycat grafaiai\n|j|\u2606Icoss31\n|t:|1788285304\n|gametype|singles\n|player|p1|Copycat grafaiai|101|1439\n|player|p2|Icoss31|dragontamer|1444\n|gen|9\n|tier|[Gen 9] OU\n|rated|\n|rule|HP Percentage Mod: HP is shown in percentages\n|rule|Endless Battle Clause: Forcing endless battles is banned\n|rule|Species Clause: Limit one of each Pok\u00e9mon\n|rule|OHKO Clause: OHKO moves are banned\n|rule|Evasion Items Clause: Evasion items are banned\n|rule|Evasion Moves Clause: Evasion moves are banned\n|rule|Evasion Abilities Clause: Evasion abilities are banned\n|rule|Sleep Moves Clause: Sleep-inducing moves are banned\n|clearpoke\n|poke|p1|Dugtrio, F|\n|poke|p1|Gholdengo|\n|poke|p1|Meowscarada, F|\n|poke|p1|Cinderace, F|\n|poke|p1|Raging Bolt|\n|poke|p1|Primarina, F|\n|poke|p2|Hoopa-Unbound|\n|poke|p2|Alomomola, F|\n|poke|p2|Weezing-Galar, F|\n|poke|p2|Gliscor, F|\n|poke|p2|Kingambit, F|\n|poke|p2|Dragapult, M|\n|teampreview\n|inactive|Battle timer is ON: inactive players will automatically lose when time's up. (requested by Icoss31)\n|\n|t:|1788285315\n|teamsize|p1|6\n|teamsize|p2|6\n|start\n|switch|p1a: Meowscarada|Meowscarada, F|100/100\n|switch|p2a: Gliscor|Gliscor, F|100/100\n|turn|1\n|\n|t:|1788285320\n|move|p2a: Gliscor|Protect|p2a: Gliscor\n|-singleturn|p2a: Gliscor|Protect\n|move|p1a: Meowscarada|Knock Off|p2a: Gliscor\n|-start|p1a: Meowscarada|typechange|Dark|[from] ability: Protean\n|-activate|p2a: Gliscor|move: Protect\n|\n|-status|p2a: Gliscor|tox|[from] item: Toxic Orb\n|upkeep\n|turn|2\n|\n|t:|1788285329\n|move|p1a: Meowscarada|Triple Axel|p2a: Gliscor\n|-supereffective|p2a: Gliscor\n|-damage|p2a: Gliscor|81/100 tox\n|-supereffective|p2a: Gliscor\n|-damage|p2a: Gliscor|39/100 tox\n|-supereffective|p2a: Gliscor\n|-damage|p2a: Gliscor|0 fnt\n|faint|p2a: Gliscor\n|-hitcount|p2: Gliscor|3\n|\n|upkeep\n|\n|t:|1788285344\n|switch|p2a: Dragapult|Dragapult, M|100/100\n|turn|3\n|\n|t:|1788285348\n|move|p2a: Dragapult|U-turn|p1a: Meowscarada\n|-supereffective|p1a: Meowscarada\n|-damage|p1a: Meowscarada|39/100\n|\n|t:|1788285353\n|switch|p2a: Alomomola|Alomomola, F|100/100|[from] U-turn\n|move|p1a: Meowscarada|Knock Off|p2a: Alomomola\n|-damage|p2a: Alomomola|74/100\n|-enditem|p2a: Alomomola|Rocky Helmet|[from] move: Knock Off|[of] p1a: Meowscarada\n|\n|upkeep\n|turn|4\n|\n|t:|1788285364\n|switch|p2a: Weezing|Weezing-Galar, F|100/100\n|-ability|p2a: Weezing|Neutralizing Gas\n|move|p1a: Meowscarada|Flower Trick|p2a: Weezing\n|-resisted|p2a: Weezing\n|-crit|p2a: Weezing\n|-damage|p2a: Weezing|90/100\n|\n|upkeep\n|turn|5\n|\n|t:|1788285377\n|move|p1a: Meowscarada|U-turn|p2a: Weezing\n|-resisted|p2a: Weezing\n|-damage|p2a: Weezing|86/100\n|\n|t:|1788285380\n|switch|p1a: Dugtrio|Dugtrio, F|100/100|[from] U-turn\n|move|p2a: Weezing|Strange Steam|p1a: Dugtrio\n|-damage|p1a: Dugtrio|37/100\n|-start|p1a: Dugtrio|confusion\n|\n|upkeep\n|turn|6\n|\n|t:|1788285389\n|-end|p2a: Weezing|ability: Neutralizing Gas\n|switch|p2a: Alomomola|Alomomola, F|100/100\n|-activate|p1a: Dugtrio|confusion\n|move|p1a: Dugtrio|Earthquake|p2a: Alomomola\n|-damage|p2a: Alomomola|72/100\n|\n|upkeep\n|turn|7\n|\n|t:|1788285398\n|-activate|p1a: Dugtrio|confusion\n|-damage|p1a: Dugtrio|3/100|[from] confusion\n|move|p2a: Alomomola|Flip Turn|p1a: Dugtrio\n|-supereffective|p1a: Dugtrio\n|-damage|p1a: Dugtrio|0 fnt\n|faint|p1a: Dugtrio\n|\n|t:|1788285405\n|switch|p2a: Dragapult|Dragapult, M|100/100|[from] Flip Turn\n|\n|upkeep\n|\n|t:|1788285416\n|switch|p1a: Cinderace|Cinderace, F|100/100\n|turn|8\n|\n|t:|1788285423\n|move|p2a: Dragapult|Dragon Darts|p1a: Cinderace\n|-damage|p1a: Cinderace|72/100\n|-anim|p2a: Dragapult|Dragon Darts|p1a: Cinderace\n|-damage|p1a: Cinderace|44/100\n|move|p1a: Cinderace|U-turn|p2a: Dragapult\n|-start|p1a: Cinderace|typechange|Bug|[from] ability: Libero\n|-resisted|p2a: Dragapult\n|-damage|p2a: Dragapult|79/100\n|\n|t:|1788285426\n|switch|p1a: Primarina|Primarina, F|100/100|[from] U-turn\n|\n|upkeep\n|turn|9\n|\n|t:|1788285435\n|move|p2a: Dragapult|U-turn|p1a: Primarina\n|-resisted|p1a: Primarina\n|-damage|p1a: Primarina|90/100\n|\n|t:|1788285439\n|switch|p2a: Hoopa|Hoopa-Unbound|100/100|[from] U-turn\n|move|p1a: Primarina|Psychic Noise|p2a: Hoopa\n|-damage|p2a: Hoopa|83/100\n|-start|p2a: Hoopa|move: Heal Block\n|\n|upkeep\n|turn|10\n|inactive|Icoss31 has 120 seconds left.\n|\n|t:|1788285483\n|move|p2a: Hoopa|Knock Off|p1a: Primarina\n|-resisted|p1a: Primarina\n|-damage|p1a: Primarina|58/100\n|-enditem|p1a: Primarina|Custap Berry|[from] move: Knock Off|[of] p2a: Hoopa\n|move|p1a: Primarina|Substitute|p1a: Primarina\n|-start|p1a: Primarina|Substitute\n|-damage|p1a: Primarina|33/100\n|\n|-end|p2a: Hoopa|move: Heal Block\n|upkeep\n|turn|11\n|\n|t:|1788285491\n|move|p2a: Hoopa|Psychic Noise|p1a: Primarina\n|-damage|p1a: Primarina|9/100\n|-start|p1a: Primarina|move: Heal Block\n|move|p1a: Primarina|Misty Explosion|p2a: Hoopa\n|-supereffective|p2a: Hoopa\n|-damage|p2a: Hoopa|39/100\n|faint|p1a: Primarina\n|\n|upkeep\n|\n|t:|1788285501\n|switch|p1a: Meowscarada|Meowscarada, F|39/100\n|turn|12\n|\n|t:|1788285505\n|switch|p2a: Weezing|Weezing-Galar, F|86/100\n|-ability|p2a: Weezing|Neutralizing Gas\n|move|p1a: Meowscarada|U-turn|p2a: Weezing\n|-resisted|p2a: Weezing\n|-damage|p2a: Weezing|83/100\n|\n|t:|1788285510\n|switch|p1a: Gholdengo|Gholdengo|100/100|[from] U-turn\n|\n|upkeep\n|turn|13\n|\n|t:|1788285518\n|-end|p2a: Weezing|ability: Neutralizing Gas\n|switch|p2a: Kingambit|Kingambit, F|100/100\n|-activate|p2a: Kingambit|ability: Supreme Overlord\n|-start|p2a: Kingambit|fallen1|[silent]\n|move|p1a: Gholdengo|Thunder Wave|p2a: Kingambit\n|-status|p2a: Kingambit|par\n|\n|upkeep\n|turn|14\n|\n|t:|1788285528\n|switch|p1a: Cinderace|Cinderace, F|44/100\n|move|p2a: Kingambit|Kowtow Cleave|p1a: Cinderace\n|-damage|p1a: Cinderace|0 fnt\n|faint|p1a: Cinderace\n|\n|upkeep\n|\n|t:|1788285533\n|switch|p1a: Raging Bolt|Raging Bolt|100/100\n|turn|15\n|\n|t:|1788285537\n|move|p1a: Raging Bolt|Calm Mind|p1a: Raging Bolt\n|-boost|p1a: Raging Bolt|spa|1\n|-boost|p1a: Raging Bolt|spd|1\n|move|p2a: Kingambit|Kowtow Cleave|p1a: Raging Bolt\n|-crit|p1a: Raging Bolt\n|-damage|p1a: Raging Bolt|22/100\n|-enditem|p1a: Raging Bolt|Salac Berry|[eat]\n|-boost|p1a: Raging Bolt|spe|1|[from] item: Salac Berry\n|\n|upkeep\n|turn|16\n|\n|t:|1788285545\n|move|p1a: Raging Bolt|Thunderclap|p2a: Kingambit\n|-crit|p2a: Kingambit\n|-damage|p2a: Kingambit|13/100 par\n|move|p2a: Kingambit|Kowtow Cleave|p1a: Raging Bolt\n|-damage|p1a: Raging Bolt|0 fnt\n|faint|p1a: Raging Bolt\n|-end|p1a: Raging Bolt|Protosynthesis|[silent]\n|\n|-heal|p2a: Kingambit|20/100 par|[from] item: Leftovers\n|upkeep\n|\n|t:|1788285551\n|switch|p1a: Meowscarada|Meowscarada, F|39/100\n|turn|17\n|\n|t:|1788285556\n|move|p1a: Meowscarada|Flower Trick|p2a: Kingambit\n|-start|p1a: Meowscarada|typechange|Grass|[from] ability: Protean\n|-resisted|p2a: Kingambit\n|-crit|p2a: Kingambit\n|-damage|p2a: Kingambit|2/100 par\n|move|p2a: Kingambit|Iron Head|p1a: Meowscarada\n|-damage|p1a: Meowscarada|0 fnt\n|faint|p1a: Meowscarada\n|\n|-heal|p2a: Kingambit|8/100 par|[from] item: Leftovers\n|upkeep\n|\n|t:|1788285561\n|switch|p1a: Gholdengo|Gholdengo|100/100\n|turn|18\n|\n|t:|1788285568\n|move|p1a: Gholdengo|Shadow Ball|p2a: Kingambit\n|-resisted|p2a: Kingambit\n|-damage|p2a: Kingambit|0 fnt\n|faint|p2a: Kingambit\n|-end|p2a: Kingambit|fallen1|[silent]\n|\n|upkeep\n|\n|t:|1788285573\n|switch|p2a: Hoopa|Hoopa-Unbound|39/100\n|turn|19\n|\n|t:|1788285578\n|-terastallize|p1a: Gholdengo|Steel\n|move|p2a: Hoopa|Knock Off|p1a: Gholdengo\n|-damage|p1a: Gholdengo|64/100\n|-enditem|p1a: Gholdengo|Covert Cloak|[from] move: Knock Off|[of] p2a: Hoopa\n|move|p1a: Gholdengo|Thunder Wave|p2a: Hoopa|[miss]\n|-miss|p1a: Gholdengo|p2a: Hoopa\n|\n|upkeep\n|turn|20\n|\n|t:|1788285587\n|move|p2a: Hoopa|Drain Punch|p1a: Gholdengo\n|-supereffective|p1a: Gholdengo\n|-damage|p1a: Gholdengo|23/100\n|-heal|p2a: Hoopa|60/100|[from] drain|[of] p1a: Gholdengo\n|move|p1a: Gholdengo|Thunder Wave|p2a: Hoopa\n|-status|p2a: Hoopa|par\n|\n|upkeep\n|turn|21\n|\n|t:|1788285595\n|move|p1a: Gholdengo|Recover|p1a: Gholdengo\n|-heal|p1a: Gholdengo|73/100\n|cant|p2a: Hoopa|par\n|\n|upkeep\n|turn|22\n|\n|t:|1788285599\n|move|p1a: Gholdengo|Shadow Ball|p2a: Hoopa\n|-damage|p2a: Hoopa|44/100 par\n|cant|p2a: Hoopa|par\n|\n|upkeep\n|turn|23\n|\n|t:|1788285604\n|move|p1a: Gholdengo|Shadow Ball|p2a: Hoopa\n|-damage|p2a: Hoopa|27/100 par\n|move|p2a: Hoopa|Drain Punch|p1a: Gholdengo\n|-supereffective|p1a: Gholdengo\n|-damage|p1a: Gholdengo|33/100\n|-heal|p2a: Hoopa|48/100 par|[from] drain|[of] p1a: Gholdengo\n|\n|upkeep\n|turn|24\n|\n|t:|1788285612\n|move|p1a: Gholdengo|Recover|p1a: Gholdengo\n|-heal|p1a: Gholdengo|83/100\n|move|p2a: Hoopa|Drain Punch|p1a: Gholdengo\n|-supereffective|p1a: Gholdengo\n|-damage|p1a: Gholdengo|40/100\n|-heal|p2a: Hoopa|70/100 par|[from] drain|[of] p1a: Gholdengo\n|\n|upkeep\n|turn|25\n|\n|t:|1788285628\n|move|p1a: Gholdengo|Recover|p1a: Gholdengo\n|-heal|p1a: Gholdengo|90/100\n|move|p2a: Hoopa|Drain Punch|p1a: Gholdengo\n|-supereffective|p1a: Gholdengo\n|-damage|p1a: Gholdengo|48/100\n|-heal|p2a: Hoopa|92/100 par|[from] drain|[of] p1a: Gholdengo\n|\n|upkeep\n|turn|26\n|\n|t:|1788285640\n|move|p1a: Gholdengo|Recover|p1a: Gholdengo\n|-heal|p1a: Gholdengo|98/100\n|move|p2a: Hoopa|Drain Punch|p1a: Gholdengo\n|-supereffective|p1a: Gholdengo\n|-damage|p1a: Gholdengo|58/100\n|-heal|p2a: Hoopa|100/100 par|[from] drain|[of] p1a: Gholdengo\n|\n|upkeep\n|turn|27\n|\n|t:|1788285649\n|move|p1a: Gholdengo|Shadow Ball|p2a: Hoopa\n|-damage|p2a: Hoopa|82/100 par\n|move|p2a: Hoopa|Knock Off|p1a: Gholdengo\n|-damage|p1a: Gholdengo|30/100\n|\n|upkeep\n|turn|28\n|\n|t:|1788285654\n|move|p1a: Gholdengo|Recover|p1a: Gholdengo\n|-heal|p1a: Gholdengo|80/100\n|cant|p2a: Hoopa|par\n|\n|upkeep\n|turn|29\n|\n|t:|1788285659\n|move|p1a: Gholdengo|Shadow Ball|p2a: Hoopa\n|-damage|p2a: Hoopa|66/100 par\n|-unboost|p2a: Hoopa|spd|1\n|move|p2a: Hoopa|Drain Punch|p1a: Gholdengo\n|-supereffective|p1a: Gholdengo\n|-damage|p1a: Gholdengo|42/100\n|-heal|p2a: Hoopa|86/100 par|[from] drain|[of] p1a: Gholdengo\n|\n|upkeep\n|turn|30\n|\n|t:|1788285668\n|switch|p2a: Alomomola|Alomomola, F|100/100\n|move|p1a: Gholdengo|Recover|p1a: Gholdengo\n|-heal|p1a: Gholdengo|92/100\n|\n|upkeep\n|turn|31\n|\n|t:|1788285678\n|move|p1a: Gholdengo|Thunder Wave|p2a: Alomomola\n|-status|p2a: Alomomola|par\n|move|p2a: Alomomola|Flip Turn|p1a: Gholdengo\n|-damage|p1a: Gholdengo|81/100\n|\n|t:|1788285684\n|switch|p2a: Hoopa|Hoopa-Unbound|86/100 par|[from] Flip Turn\n|\n|upkeep\n|turn|32\n|\n|t:|1788285688\n|move|p1a: Gholdengo|Shadow Ball|p2a: Hoopa\n|-damage|p2a: Hoopa|68/100 par\n|move|p2a: Hoopa|Drain Punch|p1a: Gholdengo\n|-supereffective|p1a: Gholdengo\n|-damage|p1a: Gholdengo|43/100\n|-heal|p2a: Hoopa|88/100 par|[from] drain|[of] p1a: Gholdengo\n|\n|upkeep\n|turn|33\n|\n|t:|1788285697\n|move|p1a: Gholdengo|Recover|p1a: Gholdengo\n|-heal|p1a: Gholdengo|93/100\n|move|p2a: Hoopa|Drain Punch|p1a: Gholdengo\n|-supereffective|p1a: Gholdengo\n|-damage|p1a: Gholdengo|52/100\n|-heal|p2a: Hoopa|100/100 par|[from] drain|[of] p1a: Gholdengo\n|\n|upkeep\n|turn|34\n|\n|t:|1788285705\n|move|p1a: Gholdengo|Shadow Ball|p2a: Hoopa\n|-damage|p2a: Hoopa|82/100 par\n|cant|p2a: Hoopa|par\n|\n|upkeep\n|turn|35\n|\n|t:|1788285711\n|move|p1a: Gholdengo|Shadow Ball|p2a: Hoopa\n|-damage|p2a: Hoopa|63/100 par\n|move|p2a: Hoopa|Knock Off|p1a: Gholdengo\n|-crit|p1a: Gholdengo\n|-damage|p1a: Gholdengo|13/100\n|\n|upkeep\n|turn|36\n|\n|t:|1788285720\n|move|p1a: Gholdengo|Recover|p1a: Gholdengo\n|-heal|p1a: Gholdengo|63/100\n|move|p2a: Hoopa|Drain Punch|p1a: Gholdengo\n|-supereffective|p1a: Gholdengo\n|-damage|p1a: Gholdengo|20/100\n|-heal|p2a: Hoopa|86/100 par|[from] drain|[of] p1a: Gholdengo\n|\n|upkeep\n|turn|37\n|\n|t:|1788285727\n|move|p1a: Gholdengo|Make It Rain|p2a: Hoopa\n|-crit|p2a: Hoopa\n|-damage|p2a: Hoopa|35/100 par\n|-unboost|p1a: Gholdengo|spa|1\n|move|p2a: Hoopa|Drain Punch|p1a: Gholdengo\n|-supereffective|p1a: Gholdengo\n|-damage|p1a: Gholdengo|0 fnt\n|-heal|p2a: Hoopa|46/100 par|[from] drain|[of] p1a: Gholdengo\n|faint|p1a: Gholdengo\n|\n|win|Icoss31\n|raw|Copycat grafaiai's rating: 1439 &rarr; <strong>1419</strong><br />(-20 for losing)\n|raw|Icoss31's rating: 1444 &rarr; <strong>1464</strong><br />(+20 for winning)\n|l|\u2606Copycat grafaiai\n|player|p1|\n|l|\u2606Icoss31\n|player|p2|\n", "uploadtime": 1788285884, "views": "0", "formatid": "gen9ou", "rating": 1419, "private": 0, "password": null}