{"id": "gen9ou-2673923379", "format": "[Gen 9] OU", "players": ["Leap Call", "kangarooteam1"], "log": "|j|\u203dLeap Call\n|j|\u2606kangarooteam1\n|t:|1788277605\n|gametype|singles\n|player|p1|Leap Call|170|1529\n|player|p2|kangarooteam1|1|1628\n|gen|9\n|tier|[Gen 9] OU\n|rated|\n|rule|HP Percentage Mod: HP is shown in percentages\n|rule|Endless Battle Clause: Forcing endless battles is banned\n|rule|Species Clause: Limit one of each Pok\u00e9mon\n|rule|OHKO Clause: OHKO moves are banned\n|rule|Evasion Items Clause: Evasion items are banned\n|rule|Evasion Moves Clause: Evasion moves are banned\n|rule|Evasion Abilities Clause: Evasion abilities are banned\n|rule|Sleep Moves Clause: Sleep-inducing moves are banned\n|clearpoke\n|poke|p1|Rillaboom, F|\n|poke|p1|Hawlucha, F|\n|poke|p1|Gholdengo|\n|poke|p1|Samurott-Hisui, F|\n|poke|p1|Great Tusk|\n|poke|p1|Alomomola, F|\n|poke|p2|Great Tusk|\n|poke|p2|Gholdengo|\n|poke|p2|Raging Bolt|\n|poke|p2|Iron Valiant|\n|poke|p2|Ogerpon-Wellspring, F|\n|poke|p2|Kingambit, M|\n|teampreview\n|inactive|Battle timer is ON: inactive players will automatically lose when time's up. (requested by Leap Call)\n|inactive|kangarooteam1 also wants the timer to be on.\n|\n|t:|1788277613\n|teamsize|p1|6\n|teamsize|p2|6\n|start\n|switch|p1a: Alomomola|Alomomola, F, shiny|100/100\n|switch|p2a: Raging Bolt|Raging Bolt|100/100\n|turn|1\n|\n|t:|1788277615\n|-terastallize|p1a: Alomomola|Fairy\n|move|p2a: Raging Bolt|Calm Mind|p2a: Raging Bolt\n|-boost|p2a: Raging Bolt|spa|1\n|-boost|p2a: Raging Bolt|spd|1\n|move|p1a: Alomomola|Mirror Coat||[still]\n|-fail|p1a: Alomomola\n|\n|upkeep\n|turn|2\n|\n|t:|1788277618\n|move|p2a: Raging Bolt|Calm Mind|p2a: Raging Bolt\n|-boost|p2a: Raging Bolt|spa|1\n|-boost|p2a: Raging Bolt|spd|1\n|move|p1a: Alomomola|Flip Turn|p2a: Raging Bolt\n|-resisted|p2a: Raging Bolt\n|-damage|p2a: Raging Bolt|93/100\n|\n|t:|1788277620\n|switch|p1a: Hawlucha|Hawlucha, F, shiny|100/100|[from] Flip Turn\n|\n|-heal|p2a: Raging Bolt|99/100|[from] item: Leftovers\n|upkeep\n|turn|3\n|\n|t:|1788277621\n|move|p1a: Hawlucha|Encore|p2a: Raging Bolt\n|-start|p2a: Raging Bolt|Encore\n|move|p2a: Raging Bolt|Calm Mind|p2a: Raging Bolt\n|-boost|p2a: Raging Bolt|spa|1\n|-boost|p2a: Raging Bolt|spd|1\n|\n|-heal|p2a: Raging Bolt|100/100|[from] item: Leftovers\n|upkeep\n|turn|4\n|j| Seteshy\n|\n|t:|1788277629\n|switch|p1a: Samurott|Samurott-Hisui, F, shiny|100/100\n|-end|p2a: Raging Bolt|Protosynthesis|[silent]\n|switch|p2a: Gholdengo|Gholdengo|100/100\n|-item|p2a: Gholdengo|Air Balloon\n|\n|upkeep\n|turn|5\n|\n|t:|1788277634\n|switch|p2a: Great Tusk|Great Tusk|100/100\n|move|p1a: Samurott|Ceaseless Edge|p2a: Great Tusk\n|-resisted|p2a: Great Tusk\n|-damage|p2a: Great Tusk|84/100\n|-sidestart|p2: kangarooteam1|Spikes\n|\n|-heal|p2a: Great Tusk|90/100|[from] item: Leftovers\n|upkeep\n|turn|6\n|\n|t:|1788277637\n|move|p1a: Samurott|Razor Shell|p2a: Great Tusk\n|-supereffective|p2a: Great Tusk\n|-damage|p2a: Great Tusk|29/100\n|move|p2a: Great Tusk|Rapid Spin|p1a: Samurott\n|-damage|p1a: Samurott|81/100\n|-boost|p2a: Great Tusk|spe|1\n|-sideend|p2: kangarooteam1|Spikes|[from] move: Rapid Spin|[of] p2a: Great Tusk\n|\n|-heal|p2a: Great Tusk|35/100|[from] item: Leftovers\n|upkeep\n|turn|7\n|\n|t:|1788277644\n|move|p2a: Great Tusk|Earthquake|p1a: Samurott\n|-damage|p1a: Samurott|28/100\n|move|p1a: Samurott|Razor Shell|p2a: Great Tusk\n|-supereffective|p2a: Great Tusk\n|-damage|p2a: Great Tusk|0 fnt\n|faint|p2a: Great Tusk\n|-end|p2a: Great Tusk|Protosynthesis|[silent]\n|\n|upkeep\n|\n|t:|1788277645\n|switch|p2a: Kingambit|Kingambit, M|100/100\n|-activate|p2a: Kingambit|ability: Supreme Overlord\n|-start|p2a: Kingambit|fallen1|[silent]\n|turn|8\n|\n|t:|1788277655\n|move|p1a: Samurott|Ceaseless Edge|p2a: Kingambit\n|-resisted|p2a: Kingambit\n|-damage|p2a: Kingambit|80/100\n|-sidestart|p2: kangarooteam1|Spikes\n|move|p2a: Kingambit|Swords Dance|p2a: Kingambit\n|-boost|p2a: Kingambit|atk|2\n|\n|-heal|p2a: Kingambit|86/100|[from] item: Leftovers\n|upkeep\n|turn|9\n|\n|t:|1788277660\n|move|p1a: Samurott|Sucker Punch|p2a: Kingambit\n|-resisted|p2a: Kingambit\n|-crit|p2a: Kingambit\n|-damage|p2a: Kingambit|63/100\n|move|p2a: Kingambit|Sucker Punch||[still]\n|-fail|p2a: Kingambit\n|\n|-heal|p2a: Kingambit|69/100|[from] item: Leftovers\n|upkeep\n|turn|10\n|\n|t:|1788277662\n|move|p2a: Kingambit|Sucker Punch|p1a: Samurott\n|-resisted|p1a: Samurott\n|-damage|p1a: Samurott|0 fnt\n|faint|p1a: Samurott\n|\n|-heal|p2a: Kingambit|76/100|[from] item: Leftovers\n|upkeep\n|\n|t:|1788277665\n|switch|p1a: Great Tusk|Great Tusk|100/100\n|turn|11\n|\n|t:|1788277667\n|-terastallize|p2a: Kingambit|Ghost\n|move|p1a: Great Tusk|Stealth Rock|p2a: Kingambit\n|-sidestart|p2: kangarooteam1|move: Stealth Rock\n|move|p2a: Kingambit|Iron Head|p1a: Great Tusk\n|-damage|p1a: Great Tusk|33/100\n|-damage|p2a: Kingambit|59/100|[from] item: Rocky Helmet|[of] p1a: Great Tusk\n|\n|-heal|p2a: Kingambit|65/100|[from] item: Leftovers\n|upkeep\n|turn|12\n|\n|t:|1788277669\n|move|p2a: Kingambit|Sucker Punch|p1a: Great Tusk\n|-resisted|p1a: Great Tusk\n|-damage|p1a: Great Tusk|6/100\n|-damage|p2a: Kingambit|49/100|[from] item: Rocky Helmet|[of] p1a: Great Tusk\n|move|p1a: Great Tusk|Headlong Rush|p2a: Kingambit\n|-damage|p2a: Kingambit|10/100\n|-unboost|p1a: Great Tusk|def|1\n|-unboost|p1a: Great Tusk|spd|1\n|\n|-heal|p2a: Kingambit|17/100|[from] item: Leftovers\n|upkeep\n|turn|13\n|\n|t:|1788277673\n|move|p2a: Kingambit|Sucker Punch||[still]\n|-fail|p2a: Kingambit\n|move|p1a: Great Tusk|Stealth Rock||[still]\n|-fail|p1a: Great Tusk\n|\n|-heal|p2a: Kingambit|23/100|[from] item: Leftovers\n|upkeep\n|turn|14\n|\n|t:|1788277677\n|move|p2a: Kingambit|Sucker Punch||[still]\n|-fail|p2a: Kingambit\n|move|p1a: Great Tusk|Stealth Rock||[still]\n|-fail|p1a: Great Tusk\n|\n|-heal|p2a: Kingambit|29/100|[from] item: Leftovers\n|upkeep\n|turn|15\n|\n|t:|1788277678\n|move|p2a: Kingambit|Sucker Punch||[still]\n|-fail|p2a: Kingambit\n|move|p1a: Great Tusk|Stealth Rock||[still]\n|-fail|p1a: Great Tusk\n|\n|-heal|p2a: Kingambit|35/100|[from] item: Leftovers\n|upkeep\n|turn|16\n|\n|t:|1788277679\n|move|p2a: Kingambit|Sucker Punch||[still]\n|-fail|p2a: Kingambit\n|move|p1a: Great Tusk|Stealth Rock||[still]\n|-fail|p1a: Great Tusk\n|\n|-heal|p2a: Kingambit|42/100|[from] item: Leftovers\n|upkeep\n|turn|17\n|\n|t:|1788277680\n|move|p2a: Kingambit|Sucker Punch||[still]\n|-fail|p2a: Kingambit\n|move|p1a: Great Tusk|Stealth Rock||[still]\n|-fail|p1a: Great Tusk\n|\n|-heal|p2a: Kingambit|48/100|[from] item: Leftovers\n|upkeep\n|turn|18\n|\n|t:|1788277682\n|move|p1a: Great Tusk|Stealth Rock||[still]\n|-fail|p1a: Great Tusk\n|move|p2a: Kingambit|Kowtow Cleave|p1a: Great Tusk\n|-resisted|p1a: Great Tusk\n|-damage|p1a: Great Tusk|0 fnt\n|-damage|p2a: Kingambit|31/100|[from] item: Rocky Helmet|[of] p1a: Great Tusk\n|faint|p1a: Great Tusk\n|-end|p1a: Great Tusk|Protosynthesis|[silent]\n|\n|-heal|p2a: Kingambit|38/100|[from] item: Leftovers\n|upkeep\n|\n|t:|1788277688\n|switch|p1a: Rillaboom|Rillaboom, F|100/100\n|-fieldstart|move: Grassy Terrain|[from] ability: Grassy Surge|[of] p1a: Rillaboom\n|turn|19\n|\n|t:|1788277692\n|move|p1a: Rillaboom|Grassy Glide|p2a: Kingambit\n|-damage|p2a: Kingambit|0 fnt\n|faint|p2a: Kingambit\n|-end|p2a: Kingambit|fallen1|[silent]\n|\n|upkeep\n|\n|t:|1788277694\n|switch|p2a: Gholdengo|Gholdengo|100/100\n|-damage|p2a: Gholdengo|94/100|[from] Stealth Rock\n|-item|p2a: Gholdengo|Air Balloon\n|turn|20\n|\n|t:|1788277697\n|switch|p1a: Alomomola|Alomomola, F, shiny, tera:Fairy|100/100\n|move|p2a: Gholdengo|Nasty Plot|p2a: Gholdengo\n|-boost|p2a: Gholdengo|spa|2\n|\n|upkeep\n|turn|21\n|\n|t:|1788277701\n|move|p2a: Gholdengo|Make It Rain|p1a: Alomomola\n|-supereffective|p1a: Alomomola\n|-damage|p1a: Alomomola|0 fnt\n|-unboost|p2a: Gholdengo|spa|1\n|faint|p1a: Alomomola\n|\n|upkeep\n|\n|t:|1788277706\n|switch|p1a: Gholdengo|Gholdengo|100/100\n|-enditem|p1a: Gholdengo|Grassy Seed\n|-boost|p1a: Gholdengo|def|1|[from] item: Grassy Seed\n|turn|22\n|\n|t:|1788277708\n|move|p2a: Gholdengo|Shadow Ball|p1a: Gholdengo\n|-supereffective|p1a: Gholdengo\n|-damage|p1a: Gholdengo|0 fnt\n|faint|p1a: Gholdengo\n|\n|upkeep\n|-message|Leap Call forfeited.\n|\n|win|kangarooteam1\n|raw|Leap Call's rating: 1529 &rarr; <strong>1515</strong><br />(-14 for losing)\n|raw|kangarooteam1's rating: 1628 &rarr; <strong>1642</strong><br />(+14 for winning)\n|l|\u203dLeap Call\n|player|p1|\n", "uploadtime": 1788277711, "views": "0", "formatid": "gen9ou", "rating": 1515, "private": 0, "password": null}