{"id": "gen9ou-2673959603", "format": "[Gen 9] OU", "players": ["Gym Leader Hugs", "HoneyBadger19000"], "log": "|j|\u2606Gym Leader Hugs\n|j|\u2606HoneyBadger19000\n|t:|1788281943\n|gametype|singles\n|player|p1|Gym Leader Hugs|1|1401\n|player|p2|HoneyBadger19000|101|1442\n|gen|9\n|tier|[Gen 9] OU\n|rated|\n|rule|HP Percentage Mod: HP is shown in percentages\n|rule|Endless Battle Clause: Forcing endless battles is banned\n|rule|Species Clause: Limit one of each Pok\u00e9mon\n|rule|OHKO Clause: OHKO moves are banned\n|rule|Evasion Items Clause: Evasion items are banned\n|rule|Evasion Moves Clause: Evasion moves are banned\n|rule|Evasion Abilities Clause: Evasion abilities are banned\n|rule|Sleep Moves Clause: Sleep-inducing moves are banned\n|clearpoke\n|poke|p1|Skeledirge, F|\n|poke|p1|Hydrapple, M|\n|poke|p1|Ting-Lu|\n|poke|p1|Corviknight, M|\n|poke|p1|Slowking-Galar, F|\n|poke|p1|Zamazenta-*|\n|poke|p2|Araquanid, M|\n|poke|p2|Enamorus, F|\n|poke|p2|Gholdengo|\n|poke|p2|Iron Moth|\n|poke|p2|Kingambit, F|\n|poke|p2|Ogerpon-Wellspring, F|\n|teampreview\n|inactive|Battle timer is ON: inactive players will automatically lose when time's up. (requested by Gym Leader Hugs)\n|\n|t:|1788281961\n|teamsize|p1|6\n|teamsize|p2|6\n|start\n|switch|p1a: Ting goes skrrrahh|Ting-Lu|100/100\n|switch|p2a: Araquanid|Araquanid, M|100/100\n|-ability|p1a: Ting goes skrrrahh|Vessel of Ruin\n|turn|1\n|\n|t:|1788281970\n|move|p1a: Ting goes skrrrahh|Stone Edge|p2a: Araquanid\n|-supereffective|p2a: Araquanid\n|-damage|p2a: Araquanid|59/100\n|move|p2a: Araquanid|Sticky Web|p1a: Ting goes skrrrahh\n|-sidestart|p1: Gym Leader Hugs|move: Sticky Web\n|\n|upkeep\n|turn|2\n|\n|t:|1788281977\n|move|p1a: Ting goes skrrrahh|Stone Edge|p2a: Araquanid\n|-supereffective|p2a: Araquanid\n|-damage|p2a: Araquanid|20/100\n|move|p2a: Araquanid|Surf|p1a: Ting goes skrrrahh\n|-supereffective|p1a: Ting goes skrrrahh\n|-damage|p1a: Ting goes skrrrahh|71/100\n|\n|-heal|p1a: Ting goes skrrrahh|78/100|[from] item: Leftovers\n|upkeep\n|turn|3\n|-enditem|p2a: Araquanid|Custap Berry|[eat]\n|-activate|p2a: Araquanid|item: Custap Berry|[consumed]\n|\n|t:|1788281984\n|move|p2a: Araquanid|Endeavor|p1a: Ting goes skrrrahh\n|-damage|p1a: Ting goes skrrrahh|14/100\n|move|p1a: Ting goes skrrrahh|Stone Edge|p2a: Araquanid\n|-supereffective|p2a: Araquanid\n|-crit|p2a: Araquanid\n|-damage|p2a: Araquanid|0 fnt\n|faint|p2a: Araquanid\n|\n|-heal|p1a: Ting goes skrrrahh|20/100|[from] item: Leftovers\n|upkeep\n|\n|t:|1788281992\n|switch|p2a: Enamorus|Enamorus, F|100/100\n|turn|4\n|\n|t:|1788282002\n|-terastallize|p2a: Enamorus|Fairy\n|move|p2a: Enamorus|Moonblast|p1a: Ting goes skrrrahh\n|-supereffective|p1a: Ting goes skrrrahh\n|-damage|p1a: Ting goes skrrrahh|0 fnt\n|faint|p1a: Ting goes skrrrahh\n|\n|upkeep\n|\n|t:|1788282011\n|switch|p1a: Real Pressure|Corviknight, M|100/100\n|-ability|p1a: Real Pressure|Pressure\n|turn|5\n|\n|t:|1788282015\n|switch|p2a: Gholdengo|Gholdengo|100/100\n|-item|p2a: Gholdengo|Air Balloon\n|move|p1a: Real Pressure|Defog|p2a: Gholdengo\n|-immune|p2a: Gholdengo|[from] ability: Good as Gold\n|\n|upkeep\n|turn|6\n|\n|t:|1788282020\n|move|p2a: Gholdengo|Nasty Plot|p2a: Gholdengo\n|-boost|p2a: Gholdengo|spa|2\n|move|p1a: Real Pressure|Brave Bird|p2a: Gholdengo\n|-resisted|p2a: Gholdengo\n|-damage|p2a: Gholdengo|83/100\n|-enditem|p2a: Gholdengo|Air Balloon\n|-damage|p1a: Real Pressure|95/100|[from] Recoil\n|\n|upkeep\n|turn|7\n|\n|t:|1788282026\n|switch|p1a: My Music is Fire|Skeledirge, F|100/100\n|-activate|p1a: My Music is Fire|move: Sticky Web\n|-unboost|p1a: My Music is Fire|spe|1\n|move|p2a: Gholdengo|Shadow Ball|p1a: My Music is Fire\n|-supereffective|p1a: My Music is Fire\n|-damage|p1a: My Music is Fire|28/100\n|\n|-heal|p1a: My Music is Fire|35/100|[from] item: Leftovers\n|upkeep\n|turn|8\n|\n|t:|1788282038\n|-terastallize|p1a: My Music is Fire|Water\n|move|p2a: Gholdengo|Shadow Ball|p1a: My Music is Fire\n|-damage|p1a: My Music is Fire|2/100\n|-unboost|p1a: My Music is Fire|spd|1\n|move|p1a: My Music is Fire|Slack Off|p1a: My Music is Fire\n|-heal|p1a: My Music is Fire|52/100\n|\n|-heal|p1a: My Music is Fire|58/100|[from] item: Leftovers\n|upkeep\n|turn|9\n|inactive|HoneyBadger19000 has 120 seconds left.\n|inactive|HoneyBadger19000 has 90 seconds left.\n|\n|t:|1788282127\n|switch|p1a: Polukranos|Hydrapple, M|100/100\n|move|p2a: Gholdengo|Shadow Ball|p1a: Polukranos\n|-damage|p1a: Polukranos|10/100\n|\n|upkeep\n|turn|10\n|\n|t:|1788282133\n|move|p2a: Gholdengo|Shadow Ball|p1a: Polukranos\n|-damage|p1a: Polukranos|0 fnt\n|faint|p1a: Polukranos\n|\n|upkeep\n|\n|t:|1788282135\n|switch|p1a: My Music is Fire|Skeledirge, F, tera:Water|58/100\n|-activate|p1a: My Music is Fire|move: Sticky Web\n|-unboost|p1a: My Music is Fire|spe|1\n|turn|11\n|\n|t:|1788282141\n|switch|p2a: Enamorus|Enamorus, F, tera:Fairy|100/100\n|move|p1a: My Music is Fire|Slack Off|p1a: My Music is Fire\n|-heal|p1a: My Music is Fire|100/100\n|\n|upkeep\n|turn|12\n|\n|t:|1788282149\n|move|p2a: Enamorus|Moonblast|p1a: My Music is Fire\n|-damage|p1a: My Music is Fire|26/100\n|-unboost|p1a: My Music is Fire|spa|1\n|move|p1a: My Music is Fire|Torch Song|p2a: Enamorus\n|-damage|p2a: Enamorus|69/100\n|-boost|p1a: My Music is Fire|spa|1\n|\n|-heal|p1a: My Music is Fire|32/100|[from] item: Leftovers\n|upkeep\n|turn|13\n|\n|t:|1788282162\n|switch|p1a: SlowG Sippin Lean|Slowking-Galar, F|100/100\n|-activate|p1a: SlowG Sippin Lean|move: Sticky Web\n|-unboost|p1a: SlowG Sippin Lean|spe|1\n|move|p2a: Enamorus|Moonblast|p1a: SlowG Sippin Lean\n|-resisted|p1a: SlowG Sippin Lean\n|-damage|p1a: SlowG Sippin Lean|73/100\n|\n|upkeep\n|turn|14\n|\n|t:|1788282177\n|switch|p2a: Gholdengo|Gholdengo|83/100\n|move|p1a: SlowG Sippin Lean|Flamethrower|p2a: Gholdengo\n|-supereffective|p2a: Gholdengo\n|-damage|p2a: Gholdengo|29/100\n|\n|upkeep\n|turn|15\n|\n|t:|1788282184\n|move|p2a: Gholdengo|Recover|p2a: Gholdengo\n|-heal|p2a: Gholdengo|80/100\n|move|p1a: SlowG Sippin Lean|Flamethrower|p2a: Gholdengo\n|-supereffective|p2a: Gholdengo\n|-damage|p2a: Gholdengo|25/100\n|\n|upkeep\n|turn|16\n|\n|t:|1788282192\n|switch|p2a: Iron Moth|Iron Moth|100/100\n|-enditem|p2a: Iron Moth|Booster Energy\n|-activate|p2a: Iron Moth|ability: Quark Drive|[fromitem]\n|-start|p2a: Iron Moth|quarkdrivespa\n|move|p1a: SlowG Sippin Lean|Flamethrower|p2a: Iron Moth\n|-resisted|p2a: Iron Moth\n|-damage|p2a: Iron Moth|86/100\n|\n|upkeep\n|turn|17\n|\n|t:|1788282195\n|move|p2a: Iron Moth|Fiery Dance|p1a: SlowG Sippin Lean\n|-damage|p1a: SlowG Sippin Lean|40/100\n|move|p1a: SlowG Sippin Lean|Psyshock|p2a: Iron Moth\n|-supereffective|p2a: Iron Moth\n|-damage|p2a: Iron Moth|0 fnt\n|faint|p2a: Iron Moth\n|-end|p2a: Iron Moth|Quark Drive|[silent]\n|\n|upkeep\n|inactive|HoneyBadger19000 has 120 seconds left.\n|\n|t:|1788282214\n|switch|p2a: Enamorus|Enamorus, F, tera:Fairy|69/100\n|turn|18\n|\n|t:|1788282223\n|switch|p1a: Real Pressure|Corviknight, M|95/100\n|-ability|p1a: Real Pressure|Pressure\n|move|p2a: Enamorus|Earth Power|p1a: Real Pressure\n|-immune|p1a: Real Pressure\n|\n|upkeep\n|turn|19\n|\n|t:|1788282231\n|switch|p2a: Gholdengo|Gholdengo|25/100\n|move|p1a: Real Pressure|Brave Bird|p2a: Gholdengo\n|-resisted|p2a: Gholdengo\n|-damage|p2a: Gholdengo|9/100\n|-damage|p1a: Real Pressure|90/100|[from] Recoil\n|\n|upkeep\n|turn|20\n|\n|t:|1788282235\n|move|p2a: Gholdengo|Recover|p2a: Gholdengo\n|-heal|p2a: Gholdengo|59/100\n|move|p1a: Real Pressure|Brave Bird|p2a: Gholdengo\n|-resisted|p2a: Gholdengo\n|-crit|p2a: Gholdengo\n|-damage|p2a: Gholdengo|33/100\n|-damage|p1a: Real Pressure|82/100|[from] Recoil\n|\n|upkeep\n|turn|21\n|\n|t:|1788282242\n|switch|p1a: SlowG Sippin Lean|Slowking-Galar, F|73/100\n|-activate|p1a: SlowG Sippin Lean|move: Sticky Web\n|-unboost|p1a: SlowG Sippin Lean|spe|1\n|move|p2a: Gholdengo|Recover|p2a: Gholdengo\n|-heal|p2a: Gholdengo|84/100\n|\n|upkeep\n|turn|22\n|\n|t:|1788282253\n|switch|p2a: Ogerpon|Ogerpon-Wellspring, F|100/100\n|move|p1a: SlowG Sippin Lean|Flamethrower|p2a: Ogerpon\n|-damage|p2a: Ogerpon|67/100\n|\n|upkeep\n|turn|23\n|\n|t:|1788282259\n|switch|p1a: Real Pressure|Corviknight, M|82/100\n|-ability|p1a: Real Pressure|Pressure\n|move|p2a: Ogerpon|Ivy Cudgel|p1a: Real Pressure|[anim] Ivy Cudgel Water\n|-damage|p1a: Real Pressure|46/100\n|\n|upkeep\n|turn|24\n|\n|t:|1788282266\n|switch|p2a: Gholdengo|Gholdengo|84/100\n|move|p1a: Real Pressure|Roost|p1a: Real Pressure\n|-heal|p1a: Real Pressure|96/100\n|-singleturn|p1a: Real Pressure|move: Roost\n|\n|upkeep\n|turn|25\n|\n|t:|1788282280\n|switch|p1a: SlowG Sippin Lean|Slowking-Galar, F|100/100\n|-activate|p1a: SlowG Sippin Lean|move: Sticky Web\n|-unboost|p1a: SlowG Sippin Lean|spe|1\n|move|p2a: Gholdengo|Nasty Plot|p2a: Gholdengo\n|-boost|p2a: Gholdengo|spa|2\n|\n|upkeep\n|turn|26\n|\n|t:|1788282288\n|move|p2a: Gholdengo|Shadow Ball|p1a: SlowG Sippin Lean\n|-supereffective|p1a: SlowG Sippin Lean\n|-damage|p1a: SlowG Sippin Lean|6/100\n|move|p1a: SlowG Sippin Lean|Flamethrower|p2a: Gholdengo\n|-supereffective|p2a: Gholdengo\n|-damage|p2a: Gholdengo|28/100\n|\n|upkeep\n|turn|27\n|\n|t:|1788282304\n|switch|p1a: My Music is Fire|Skeledirge, F, tera:Water|32/100\n|-activate|p1a: My Music is Fire|move: Sticky Web\n|-unboost|p1a: My Music is Fire|spe|1\n|move|p2a: Gholdengo|Shadow Ball|p1a: My Music is Fire\n|-damage|p1a: My Music is Fire|0 fnt\n|faint|p1a: My Music is Fire\n|\n|upkeep\n|\n|t:|1788282314\n|switch|p1a: Mental off ZaZa|Zamazenta|100/100\n|-activate|p1a: Mental off ZaZa|move: Sticky Web\n|-unboost|p1a: Mental off ZaZa|spe|1\n|-ability|p1a: Mental off ZaZa|Dauntless Shield|boost\n|-boost|p1a: Mental off ZaZa|def|1\n|turn|28\n|\n|t:|1788282336\n|switch|p2a: Ogerpon|Ogerpon-Wellspring, F|67/100\n|move|p1a: Mental off ZaZa|Crunch|p2a: Ogerpon\n|-damage|p2a: Ogerpon|41/100\n|\n|upkeep\n|turn|29\n|\n|t:|1788282346\n|switch|p1a: SlowG Sippin Lean|Slowking-Galar, F|39/100\n|-activate|p1a: SlowG Sippin Lean|move: Sticky Web\n|-unboost|p1a: SlowG Sippin Lean|spe|1\n|move|p2a: Ogerpon|Ivy Cudgel|p1a: SlowG Sippin Lean|[anim] Ivy Cudgel Water\n|-damage|p1a: SlowG Sippin Lean|0 fnt\n|faint|p1a: SlowG Sippin Lean\n|\n|upkeep\n|\n|t:|1788282353\n|switch|p1a: Real Pressure|Corviknight, M|96/100\n|-ability|p1a: Real Pressure|Pressure\n|turn|30\n|\n|t:|1788282360\n|switch|p2a: Gholdengo|Gholdengo|28/100\n|switch|p1a: Mental off ZaZa|Zamazenta|100/100\n|-activate|p1a: Mental off ZaZa|move: Sticky Web\n|-unboost|p1a: Mental off ZaZa|spe|1\n|\n|upkeep\n|turn|31\n|\n|t:|1788282367\n|move|p1a: Mental off ZaZa|Crunch|p2a: Gholdengo\n|-supereffective|p2a: Gholdengo\n|-damage|p2a: Gholdengo|0 fnt\n|faint|p2a: Gholdengo\n|\n|upkeep\n|\n|t:|1788282369\n|switch|p2a: Enamorus|Enamorus, F, tera:Fairy|69/100\n|turn|32\n|\n|t:|1788282373\n|switch|p1a: Real Pressure|Corviknight, M|96/100\n|-ability|p1a: Real Pressure|Pressure\n|move|p2a: Enamorus|Moonblast|p1a: Real Pressure\n|-resisted|p1a: Real Pressure\n|-damage|p1a: Real Pressure|41/100\n|\n|upkeep\n|turn|33\n|\n|t:|1788282379\n|move|p2a: Enamorus|Moonblast|p1a: Real Pressure\n|-resisted|p1a: Real Pressure\n|-damage|p1a: Real Pressure|0 fnt\n|faint|p1a: Real Pressure\n|\n|upkeep\n|\n|t:|1788282381\n|switch|p1a: Mental off ZaZa|Zamazenta|100/100\n|-activate|p1a: Mental off ZaZa|move: Sticky Web\n|-unboost|p1a: Mental off ZaZa|spe|1\n|turn|34\n|c|\u2606HoneyBadger19000|gg\n|-message|Gym Leader Hugs forfeited.\n|\n|win|HoneyBadger19000\n|raw|Gym Leader Hugs's rating: 1401 &rarr; <strong>1383</strong><br />(-18 for losing)\n|raw|HoneyBadger19000's rating: 1442 &rarr; <strong>1460</strong><br />(+18 for winning)\n", "uploadtime": 1788282385, "views": "0", "formatid": "gen9ou", "rating": 1383, "private": 0, "password": null}