{"id": "gen9ou-2673990101", "format": "[Gen 9] OU", "players": ["Prav33n", "youngchimp"], "log": "|j|\u2606Prav33n\n|j|\u2606youngchimp\n|t:|1788285510\n|gametype|singles\n|player|p1|Prav33n|koga|1609\n|player|p2|youngchimp|dancer|1648\n|gen|9\n|tier|[Gen 9] OU\n|rated|\n|rule|HP Percentage Mod: HP is shown in percentages\n|rule|Endless Battle Clause: Forcing endless battles is banned\n|rule|Species Clause: Limit one of each Pok\u00e9mon\n|rule|OHKO Clause: OHKO moves are banned\n|rule|Evasion Items Clause: Evasion items are banned\n|rule|Evasion Moves Clause: Evasion moves are banned\n|rule|Evasion Abilities Clause: Evasion abilities are banned\n|rule|Sleep Moves Clause: Sleep-inducing moves are banned\n|clearpoke\n|poke|p1|Samurott-Hisui, M|\n|poke|p1|Gholdengo|\n|poke|p1|Gliscor, M|\n|poke|p1|Zamazenta-*|\n|poke|p1|Kyurem|\n|poke|p1|Glimmora, F|\n|poke|p2|Ninetales, F|\n|poke|p2|Scovillain, M|\n|poke|p2|Hatterene, F|\n|poke|p2|Walking Wake|\n|poke|p2|Great Tusk|\n|poke|p2|Iron Moth|\n|teampreview\n|inactive|Battle timer is ON: inactive players will automatically lose when time's up. (requested by youngchimp)\n|j| Aurainkling\n|l| Aurainkling\n|\n|t:|1788285535\n|teamsize|p1|6\n|teamsize|p2|6\n|start\n|switch|p1a: Samurott|Samurott-Hisui, M|100/100\n|switch|p2a: Walking Wake|Walking Wake|100/100\n|turn|1\n|\n|t:|1788285563\n|move|p1a: Samurott|Ceaseless Edge|p2a: Walking Wake\n|-damage|p2a: Walking Wake|53/100\n|-sidestart|p2: youngchimp|Spikes\n|move|p2a: Walking Wake|Draco Meteor|p1a: Samurott\n|-damage|p1a: Samurott|0 fnt\n|-unboost|p2a: Walking Wake|spa|2\n|faint|p1a: Samurott\n|\n|upkeep\n|\n|t:|1788285568\n|switch|p1a: Kyurem|Kyurem, shiny|100/100\n|-ability|p1a: Kyurem|Pressure\n|turn|2\n|\n|t:|1788285575\n|-end|p2a: Walking Wake|Protosynthesis|[silent]\n|switch|p2a: Ninetales|Ninetales, F|100/100\n|-damage|p2a: Ninetales|88/100|[from] Spikes\n|-weather|SunnyDay|[from] ability: Drought|[of] p2a: Ninetales\n|move|p1a: Kyurem|Freeze-Dry|p2a: Ninetales\n|-resisted|p2a: Ninetales\n|-damage|p2a: Ninetales|69/100\n|\n|-weather|SunnyDay|[upkeep]\n|upkeep\n|turn|3\n|\n|t:|1788285584\n|switch|p2a: Hatterene|Hatterene, F|100/100\n|-damage|p2a: Hatterene|88/100|[from] Spikes\n|move|p1a: Kyurem|Earth Power|p2a: Hatterene\n|-damage|p2a: Hatterene|64/100\n|-enditem|p2a: Hatterene|Eject Button\n|\n|t:|1788285592\n|switch|p2a: Scovillain|Scovillain, M|100/100\n|-damage|p2a: Scovillain|88/100|[from] Spikes\n|\n|-weather|SunnyDay|[upkeep]\n|upkeep\n|turn|4\n|\n|t:|1788285606\n|-terastallize|p2a: Scovillain|Fire\n|move|p2a: Scovillain|Overheat|p1a: Kyurem\n|-damage|p1a: Kyurem|0 fnt\n|-unboost|p2a: Scovillain|spa|2\n|faint|p1a: Kyurem\n|\n|-weather|SunnyDay|[upkeep]\n|upkeep\n|\n|t:|1788285616\n|switch|p1a: Glimmora|Glimmora, F|100/100\n|turn|5\n|\n|t:|1788285624\n|switch|p2a: Hatterene|Hatterene, F|64/100\n|-damage|p2a: Hatterene|52/100|[from] Spikes\n|move|p1a: Glimmora|Stealth Rock|p2a: Hatterene\n|move|p2a: Hatterene|Stealth Rock|p1a: Glimmora|[from] ability: Magic Bounce\n|-sidestart|p1: Prav33n|move: Stealth Rock\n|\n|-weather|SunnyDay|[upkeep]\n|upkeep\n|turn|6\n|\n|t:|1788285629\n|switch|p1a: Gholdengo|Gholdengo|100/100\n|-damage|p1a: Gholdengo|95/100|[from] Stealth Rock\n|move|p2a: Hatterene|Psychic Noise|p1a: Gholdengo\n|-resisted|p1a: Gholdengo\n|-damage|p1a: Gholdengo|77/100\n|-start|p1a: Gholdengo|move: Heal Block\n|\n|-weather|SunnyDay|[upkeep]\n|upkeep\n|turn|7\n|\n|t:|1788285637\n|move|p1a: Gholdengo|Shadow Ball|p2a: Hatterene\n|-supereffective|p2a: Hatterene\n|-crit|p2a: Hatterene\n|-damage|p2a: Hatterene|0 fnt\n|faint|p2a: Hatterene\n|\n|-weather|SunnyDay|[upkeep]\n|-end|p1a: Gholdengo|move: Heal Block\n|upkeep\n|\n|t:|1788285644\n|switch|p2a: Scovillain|Scovillain, M, tera:Fire|88/100\n|-damage|p2a: Scovillain|76/100|[from] Spikes\n|turn|8\n|\n|t:|1788285649\n|move|p2a: Scovillain|Flamethrower|p1a: Gholdengo\n|-supereffective|p1a: Gholdengo\n|-damage|p1a: Gholdengo|0 fnt\n|faint|p1a: Gholdengo\n|\n|-weather|SunnyDay|[upkeep]\n|upkeep\n|\n|t:|1788285651\n|switch|p1a: Glimmora|Glimmora, F|100/100\n|-damage|p1a: Glimmora|88/100|[from] Stealth Rock\n|turn|9\n|\n|t:|1788285659\n|move|p2a: Scovillain|Flamethrower|p1a: Glimmora\n|-resisted|p1a: Glimmora\n|-damage|p1a: Glimmora|23/100\n|-enditem|p1a: Glimmora|Red Card|[of] p2a: Scovillain\n|drag|p2a: Iron Moth|Iron Moth|100/100\n|-damage|p2a: Iron Moth|88/100|[from] Spikes\n|-enditem|p2a: Iron Moth|Booster Energy\n|-activate|p2a: Iron Moth|ability: Quark Drive|[fromitem]\n|-start|p2a: Iron Moth|quarkdrivespe\n|move|p1a: Glimmora|Stealth Rock|p2a: Iron Moth\n|-sidestart|p2: youngchimp|move: Stealth Rock\n|\n|-weather|none\n|upkeep\n|turn|10\n|\n|t:|1788285666\n|move|p2a: Iron Moth|Fiery Dance|p1a: Glimmora\n|-resisted|p1a: Glimmora\n|-damage|p1a: Glimmora|1/100\n|-boost|p2a: Iron Moth|spa|1\n|move|p1a: Glimmora|Earth Power|p2a: Iron Moth\n|-supereffective|p2a: Iron Moth\n|-crit|p2a: Iron Moth\n|-damage|p2a: Iron Moth|0 fnt\n|faint|p2a: Iron Moth\n|-end|p2a: Iron Moth|Quark Drive|[silent]\n|\n|upkeep\n|\n|t:|1788285669\n|switch|p2a: Ninetales|Ninetales, F|69/100\n|-damage|p2a: Ninetales|57/100|[from] Spikes\n|-damage|p2a: Ninetales|32/100|[from] Stealth Rock\n|-weather|SunnyDay|[from] ability: Drought|[of] p2a: Ninetales\n|turn|11\n|\n|t:|1788285670\n|move|p2a: Ninetales|Weather Ball|p1a: Glimmora\n|-resisted|p1a: Glimmora\n|-damage|p1a: Glimmora|0 fnt\n|faint|p1a: Glimmora\n|\n|-weather|SunnyDay|[upkeep]\n|upkeep\n|\n|t:|1788285673\n|switch|p1a: Zamazenta|Zamazenta|100/100\n|-damage|p1a: Zamazenta|94/100|[from] Stealth Rock\n|-ability|p1a: Zamazenta|Dauntless Shield|boost\n|-boost|p1a: Zamazenta|def|1\n|turn|12\n|\n|t:|1788285677\n|move|p1a: Zamazenta|Body Press|p2a: Ninetales\n|-damage|p2a: Ninetales|0 fnt\n|faint|p2a: Ninetales\n|\n|-weather|SunnyDay|[upkeep]\n|-heal|p1a: Zamazenta|100/100|[from] item: Leftovers\n|upkeep\n|\n|t:|1788285685\n|switch|p2a: Scovillain|Scovillain, M, tera:Fire|76/100\n|-damage|p2a: Scovillain|64/100|[from] Spikes\n|-damage|p2a: Scovillain|39/100|[from] Stealth Rock\n|turn|13\n|\n|t:|1788285692\n|-terastallize|p1a: Zamazenta|Fire\n|move|p2a: Scovillain|Flamethrower|p1a: Zamazenta\n|-resisted|p1a: Zamazenta\n|-damage|p1a: Zamazenta|35/100\n|move|p1a: Zamazenta|Roar|p2a: Scovillain\n|drag|p2a: Walking Wake|Walking Wake|53/100\n|-damage|p2a: Walking Wake|41/100|[from] Spikes\n|-damage|p2a: Walking Wake|29/100|[from] Stealth Rock\n|-activate|p2a: Walking Wake|ability: Protosynthesis\n|-start|p2a: Walking Wake|protosynthesisspe\n|\n|-weather|SunnyDay|[upkeep]\n|-heal|p1a: Zamazenta|41/100|[from] item: Leftovers\n|upkeep\n|turn|14\n|-message|Prav33n forfeited.\n|\n|win|youngchimp\n|raw|Prav33n's rating: 1609 &rarr; <strong>1591</strong><br />(-18 for losing)\n|raw|youngchimp's rating: 1648 &rarr; <strong>1666</strong><br />(+18 for winning)\n|l|\u2606Prav33n\n|player|p1|\n", "uploadtime": 1788285884, "views": "0", "formatid": "gen9ou", "rating": 1591, "private": 0, "password": null}