{"id": "gen9ou-2673865303", "format": "[Gen 9] OU", "players": ["LeDragSosa", "Healboy009"], "log": "|j|\u2606LeDragSosa\n|j|\u2606Healboy009\n|t:|1788270425\n|gametype|singles\n|player|p1|LeDragSosa|cyrus|1605\n|player|p2|Healboy009|lucas|1682\n|gen|9\n|tier|[Gen 9] OU\n|rated|\n|rule|HP Percentage Mod: HP is shown in percentages\n|rule|Endless Battle Clause: Forcing endless battles is banned\n|rule|Species Clause: Limit one of each Pok\u00e9mon\n|rule|OHKO Clause: OHKO moves are banned\n|rule|Evasion Items Clause: Evasion items are banned\n|rule|Evasion Moves Clause: Evasion moves are banned\n|rule|Evasion Abilities Clause: Evasion abilities are banned\n|rule|Sleep Moves Clause: Sleep-inducing moves are banned\n|clearpoke\n|poke|p1|Araquanid, M|\n|poke|p1|Hoopa-Unbound|\n|poke|p1|Iron Valiant|\n|poke|p1|Toxtricity, F|\n|poke|p1|Dragonite, M|\n|poke|p1|Iron Treads|\n|poke|p2|Great Tusk|\n|poke|p2|Gholdengo|\n|poke|p2|Zamazenta-*|\n|poke|p2|Ogerpon-Wellspring, F|\n|poke|p2|Raging Bolt|\n|poke|p2|Kingambit, F|\n|teampreview\n|inactive|Battle timer is ON: inactive players will automatically lose when time's up. (requested by LeDragSosa)\n|\n|t:|1788270443\n|teamsize|p1|6\n|teamsize|p2|6\n|start\n|switch|p1a: Araquanid|Araquanid, M|100/100\n|switch|p2a: Great Tusk|Great Tusk|100/100\n|-enditem|p2a: Great Tusk|Booster Energy\n|-activate|p2a: Great Tusk|ability: Protosynthesis|[fromitem]\n|-start|p2a: Great Tusk|protosynthesisatk\n|turn|1\n|\n|t:|1788270448\n|move|p2a: Great Tusk|Headlong Rush|p1a: Araquanid\n|-resisted|p1a: Araquanid\n|-damage|p1a: Araquanid|54/100\n|-unboost|p2a: Great Tusk|def|1\n|-unboost|p2a: Great Tusk|spd|1\n|move|p1a: Araquanid|Liquidation|p2a: Great Tusk\n|-supereffective|p2a: Great Tusk\n|-damage|p2a: Great Tusk|0 fnt\n|faint|p2a: Great Tusk\n|-end|p2a: Great Tusk|Protosynthesis|[silent]\n|\n|upkeep\n|\n|t:|1788270458\n|switch|p2a: Raging Bolt|Raging Bolt|100/100\n|-enditem|p2a: Raging Bolt|Booster Energy\n|-activate|p2a: Raging Bolt|ability: Protosynthesis|[fromitem]\n|-start|p2a: Raging Bolt|protosynthesisspa\n|turn|2\n|\n|t:|1788270462\n|switch|p1a: Iron Treads|Iron Treads|100/100\n|-enditem|p1a: Iron Treads|Booster Energy\n|-activate|p1a: Iron Treads|ability: Quark Drive|[fromitem]\n|-start|p1a: Iron Treads|quarkdrivespe\n|move|p2a: Raging Bolt|Draco Meteor|p1a: Iron Treads\n|-resisted|p1a: Iron Treads\n|-damage|p1a: Iron Treads|33/100\n|-unboost|p2a: Raging Bolt|spa|2\n|\n|upkeep\n|turn|3\n|\n|t:|1788270470\n|move|p1a: Iron Treads|Stealth Rock|p2a: Raging Bolt\n|-sidestart|p2: Healboy009|move: Stealth Rock\n|move|p2a: Raging Bolt|Draco Meteor|p1a: Iron Treads\n|-resisted|p1a: Iron Treads\n|-damage|p1a: Iron Treads|1/100\n|-unboost|p2a: Raging Bolt|spa|2\n|\n|upkeep\n|turn|4\n|\n|t:|1788270475\n|move|p1a: Iron Treads|Earth Power|p2a: Raging Bolt\n|-supereffective|p2a: Raging Bolt\n|-damage|p2a: Raging Bolt|36/100\n|move|p2a: Raging Bolt|Draco Meteor|p1a: Iron Treads\n|-resisted|p1a: Iron Treads\n|-damage|p1a: Iron Treads|0 fnt\n|-unboost|p2a: Raging Bolt|spa|2\n|faint|p1a: Iron Treads\n|-end|p1a: Iron Treads|Quark Drive|[silent]\n|\n|upkeep\n|\n|t:|1788270487\n|switch|p1a: Araquanid|Araquanid, M|54/100\n|turn|5\n|\n|t:|1788270490\n|move|p2a: Raging Bolt|Taunt|p1a: Araquanid\n|-start|p1a: Araquanid|move: Taunt\n|cant|p1a: Araquanid|move: Taunt|Sticky Web\n|\n|upkeep\n|turn|6\n|\n|t:|1788270494\n|switch|p1a: Hoopa|Hoopa-Unbound|100/100\n|move|p2a: Raging Bolt|Thunderclap||[still]\n|-fail|p2a: Raging Bolt\n|\n|upkeep\n|turn|7\n|\n|t:|1788270499\n|move|p1a: Hoopa|Nasty Plot|p1a: Hoopa\n|-boost|p1a: Hoopa|spa|2\n|move|p2a: Raging Bolt|Draco Meteor|p1a: Hoopa\n|-damage|p1a: Hoopa|80/100\n|\n|upkeep\n|turn|8\n|\n|t:|1788270503\n|move|p1a: Hoopa|Dark Pulse|p2a: Raging Bolt\n|-damage|p2a: Raging Bolt|0 fnt\n|faint|p2a: Raging Bolt\n|-end|p2a: Raging Bolt|Protosynthesis|[silent]\n|\n|upkeep\n|\n|t:|1788270513\n|switch|p2a: Ogerpon|Ogerpon-Wellspring, F|100/100\n|-damage|p2a: Ogerpon|88/100|[from] Stealth Rock\n|turn|9\n|\n|t:|1788270516\n|switch|p1a: Araquanid|Araquanid, M|54/100\n|move|p2a: Ogerpon|Ivy Cudgel|p1a: Araquanid|[anim] Ivy Cudgel Water\n|-resisted|p1a: Araquanid\n|-damage|p1a: Araquanid|24/100\n|\n|upkeep\n|turn|10\n|\n|t:|1788270523\n|move|p2a: Ogerpon|Horn Leech|p1a: Araquanid\n|-damage|p1a: Araquanid|0 fnt\n|-heal|p2a: Ogerpon|100/100|[from] drain|[of] p1a: Araquanid\n|faint|p1a: Araquanid\n|\n|upkeep\n|\n|t:|1788270526\n|switch|p1a: Dragonite|Dragonite, M|100/100\n|turn|11\n|\n|t:|1788270529\n|switch|p2a: Zamazenta|Zamazenta|100/100\n|-damage|p2a: Zamazenta|94/100|[from] Stealth Rock\n|-ability|p2a: Zamazenta|Dauntless Shield|boost\n|-boost|p2a: Zamazenta|def|1\n|move|p1a: Dragonite|Ice Spinner|p2a: Zamazenta\n|-damage|p2a: Zamazenta|78/100\n|\n|-heal|p2a: Zamazenta|84/100|[from] item: Leftovers\n|upkeep\n|turn|12\n|\n|t:|1788270534\n|switch|p1a: Iron Valiant|Iron Valiant|100/100\n|-enditem|p1a: Iron Valiant|Booster Energy\n|-activate|p1a: Iron Valiant|ability: Quark Drive|[fromitem]\n|-start|p1a: Iron Valiant|quarkdrivespe\n|move|p2a: Zamazenta|Iron Defense|p2a: Zamazenta\n|-boost|p2a: Zamazenta|def|2\n|\n|-heal|p2a: Zamazenta|90/100|[from] item: Leftovers\n|upkeep\n|turn|13\n|\n|t:|1788270539\n|move|p1a: Iron Valiant|Encore|p2a: Zamazenta\n|-start|p2a: Zamazenta|Encore\n|move|p2a: Zamazenta|Iron Defense|p2a: Zamazenta\n|-boost|p2a: Zamazenta|def|2\n|\n|-heal|p2a: Zamazenta|96/100|[from] item: Leftovers\n|upkeep\n|turn|14\n|\n|t:|1788270543\n|switch|p2a: Gholdengo|Gholdengo|100/100\n|-damage|p2a: Gholdengo|94/100|[from] Stealth Rock\n|-item|p2a: Gholdengo|Air Balloon\n|move|p1a: Iron Valiant|Shadow Ball|p2a: Gholdengo\n|-supereffective|p2a: Gholdengo\n|-crit|p2a: Gholdengo\n|-damage|p2a: Gholdengo|7/100\n|-enditem|p2a: Gholdengo|Air Balloon\n|\n|upkeep\n|turn|15\n|\n|t:|1788270548\n|move|p1a: Iron Valiant|Moonblast|p2a: Gholdengo\n|-resisted|p2a: Gholdengo\n|-damage|p2a: Gholdengo|0 fnt\n|faint|p2a: Gholdengo\n|\n|upkeep\n|\n|t:|1788270552\n|switch|p2a: Ogerpon|Ogerpon-Wellspring, F|100/100\n|-damage|p2a: Ogerpon|88/100|[from] Stealth Rock\n|turn|16\n|\n|t:|1788270557\n|-end|p1a: Iron Valiant|Quark Drive|[silent]\n|switch|p1a: Dragonite|Dragonite, M|100/100\n|move|p2a: Ogerpon|Ivy Cudgel|p1a: Dragonite|[anim] Ivy Cudgel Water\n|-resisted|p1a: Dragonite\n|-damage|p1a: Dragonite|83/100\n|\n|upkeep\n|turn|17\n|\n|t:|1788270567\n|switch|p2a: Zamazenta|Zamazenta|96/100\n|-damage|p2a: Zamazenta|90/100|[from] Stealth Rock\n|move|p1a: Dragonite|Ice Spinner|p2a: Zamazenta\n|-damage|p2a: Zamazenta|66/100\n|\n|-heal|p2a: Zamazenta|72/100|[from] item: Leftovers\n|upkeep\n|turn|18\n|\n|t:|1788270572\n|switch|p1a: Hoopa|Hoopa-Unbound|80/100\n|move|p2a: Zamazenta|Iron Defense|p2a: Zamazenta\n|-boost|p2a: Zamazenta|def|2\n|\n|-heal|p2a: Zamazenta|78/100|[from] item: Leftovers\n|upkeep\n|turn|19\n|\n|t:|1788270575\n|move|p2a: Zamazenta|Body Press|p1a: Hoopa\n|-damage|p1a: Hoopa|0 fnt\n|faint|p1a: Hoopa\n|\n|-heal|p2a: Zamazenta|84/100|[from] item: Leftovers\n|upkeep\n|\n|t:|1788270576\n|switch|p1a: Iron Valiant|Iron Valiant|100/100\n|turn|20\n|\n|t:|1788270583\n|-terastallize|p2a: Zamazenta|Steel\n|move|p2a: Zamazenta|Body Press|p1a: Iron Valiant\n|-resisted|p1a: Iron Valiant\n|-damage|p1a: Iron Valiant|61/100\n|move|p1a: Iron Valiant|Encore|p2a: Zamazenta\n|-start|p2a: Zamazenta|Encore\n|\n|-heal|p2a: Zamazenta|90/100|[from] item: Leftovers\n|upkeep\n|turn|21\n|\n|t:|1788270590\n|-terastallize|p1a: Iron Valiant|Ghost\n|move|p2a: Zamazenta|Body Press|p1a: Iron Valiant\n|-immune|p1a: Iron Valiant\n|move|p1a: Iron Valiant|Shadow Ball|p2a: Zamazenta\n|-damage|p2a: Zamazenta|62/100\n|\n|-heal|p2a: Zamazenta|69/100|[from] item: Leftovers\n|upkeep\n|turn|22\n|\n|t:|1788270597\n|switch|p2a: Ogerpon|Ogerpon-Wellspring, F|88/100\n|-damage|p2a: Ogerpon|76/100|[from] Stealth Rock\n|move|p1a: Iron Valiant|Shadow Ball|p2a: Ogerpon\n|-damage|p2a: Ogerpon|27/100\n|\n|upkeep\n|turn|23\n|\n|t:|1788270603\n|move|p1a: Iron Valiant|Moonblast|p2a: Ogerpon\n|-damage|p2a: Ogerpon|0 fnt\n|faint|p2a: Ogerpon\n|\n|upkeep\n|\n|t:|1788270611\n|switch|p2a: Zamazenta|Zamazenta, tera:Steel|69/100\n|-damage|p2a: Zamazenta|62/100|[from] Stealth Rock\n|turn|24\n|\n|t:|1788270617\n|-end|p1a: Iron Valiant|Quark Drive|[silent]\n|switch|p1a: Toxtricity|Toxtricity, F|100/100\n|move|p2a: Zamazenta|Crunch|p1a: Toxtricity\n|-damage|p1a: Toxtricity|68/100\n|\n|-heal|p2a: Zamazenta|69/100|[from] item: Leftovers\n|upkeep\n|turn|25\n|\n|t:|1788270622\n|move|p2a: Zamazenta|Crunch|p1a: Toxtricity\n|-damage|p1a: Toxtricity|36/100\n|move|p1a: Toxtricity|Overdrive|p2a: Zamazenta\n|-damage|p2a: Zamazenta|27/100\n|-enditem|p1a: Toxtricity|Throat Spray\n|-boost|p1a: Toxtricity|spa|1|[from] item: Throat Spray\n|\n|-heal|p2a: Zamazenta|33/100|[from] item: Leftovers\n|upkeep\n|turn|26\n|\n|t:|1788270628\n|move|p2a: Zamazenta|Crunch|p1a: Toxtricity\n|-damage|p1a: Toxtricity|2/100\n|move|p1a: Toxtricity|Overdrive|p2a: Zamazenta\n|-damage|p2a: Zamazenta|0 fnt\n|faint|p2a: Zamazenta\n|\n|upkeep\n|\n|t:|1788270630\n|switch|p2a: Kingambit|Kingambit, F|100/100\n|-damage|p2a: Kingambit|94/100|[from] Stealth Rock\n|-activate|p2a: Kingambit|ability: Supreme Overlord\n|-start|p2a: Kingambit|fallen5|[silent]\n|turn|27\n|\n|t:|1788270633\n|move|p2a: Kingambit|Sucker Punch||[still]\n|-fail|p2a: Kingambit\n|move|p1a: Toxtricity|Shift Gear|p1a: Toxtricity\n|-boost|p1a: Toxtricity|spe|2\n|-boost|p1a: Toxtricity|atk|1\n|\n|upkeep\n|turn|28\n|\n|t:|1788270636\n|move|p1a: Toxtricity|Encore|p2a: Kingambit\n|-start|p2a: Kingambit|Encore\n|move|p2a: Kingambit|Sucker Punch||[still]\n|-fail|p2a: Kingambit\n|\n|upkeep\n|turn|29\n|\n|t:|1788270639\n|move|p2a: Kingambit|Sucker Punch||[still]\n|-fail|p2a: Kingambit\n|move|p1a: Toxtricity|Shift Gear|p1a: Toxtricity\n|-boost|p1a: Toxtricity|spe|2\n|-boost|p1a: Toxtricity|atk|1\n|\n|upkeep\n|turn|30\n|\n|t:|1788270641\n|move|p2a: Kingambit|Sucker Punch||[still]\n|-fail|p2a: Kingambit\n|move|p1a: Toxtricity|Shift Gear|p1a: Toxtricity\n|-boost|p1a: Toxtricity|spe|2\n|-boost|p1a: Toxtricity|atk|1\n|\n|-end|p2a: Kingambit|Encore\n|upkeep\n|turn|31\n|\n|t:|1788270644\n|move|p1a: Toxtricity|Encore|p2a: Kingambit\n|-start|p2a: Kingambit|Encore\n|move|p2a: Kingambit|Sucker Punch||[still]\n|-fail|p2a: Kingambit\n|\n|upkeep\n|turn|32\n|\n|t:|1788270645\n|move|p2a: Kingambit|Sucker Punch||[still]\n|-fail|p2a: Kingambit\n|move|p1a: Toxtricity|Shift Gear|p1a: Toxtricity\n|-boost|p1a: Toxtricity|spe|0\n|-boost|p1a: Toxtricity|atk|1\n|\n|upkeep\n|turn|33\n|\n|t:|1788270648\n|move|p2a: Kingambit|Sucker Punch||[still]\n|-fail|p2a: Kingambit\n|move|p1a: Toxtricity|Shift Gear|p1a: Toxtricity\n|-boost|p1a: Toxtricity|spe|0\n|-boost|p1a: Toxtricity|atk|1\n|\n|-end|p2a: Kingambit|Encore\n|upkeep\n|turn|34\n|\n|t:|1788270651\n|move|p1a: Toxtricity|Encore|p2a: Kingambit\n|-start|p2a: Kingambit|Encore\n|move|p2a: Kingambit|Sucker Punch||[still]\n|-fail|p2a: Kingambit\n|\n|-end|p2a: Kingambit|Encore\n|upkeep\n|turn|35\n|\n|t:|1788270653\n|move|p1a: Toxtricity|Overdrive|p2a: Kingambit\n|-crit|p2a: Kingambit\n|-damage|p2a: Kingambit|0 fnt\n|faint|p2a: Kingambit\n|-end|p2a: Kingambit|fallen5|[silent]\n|\n|win|LeDragSosa\n|raw|LeDragSosa's rating: 1605 &rarr; <strong>1629</strong><br />(+24 for winning)\n|raw|Healboy009's rating: 1682 &rarr; <strong>1658</strong><br />(-24 for losing)\n|l|\u2606LeDragSosa\n|player|p1|\n|l|\u2606Healboy009\n|player|p2|\n", "uploadtime": 1788270804, "views": "4", "formatid": "gen9ou", "rating": 1629, "private": 0, "password": null}