{"id": "gen9ou-2673891051", "format": "[Gen 9] OU", "players": ["Nickiewch", "AdriMen7"], "log": "|j|\u2606Nickiewch\n|j|\u2606AdriMen7\n|t:|1788273687\n|gametype|singles\n|player|p1|Nickiewch|steven|1399\n|player|p2|AdriMen7|cheren|1375\n|gen|9\n|tier|[Gen 9] OU\n|rated|\n|rule|HP Percentage Mod: HP is shown in percentages\n|rule|Endless Battle Clause: Forcing endless battles is banned\n|rule|Species Clause: Limit one of each Pok\u00e9mon\n|rule|OHKO Clause: OHKO moves are banned\n|rule|Evasion Items Clause: Evasion items are banned\n|rule|Evasion Moves Clause: Evasion moves are banned\n|rule|Evasion Abilities Clause: Evasion abilities are banned\n|rule|Sleep Moves Clause: Sleep-inducing moves are banned\n|clearpoke\n|poke|p1|Ninetales-Alola, F|\n|poke|p1|Darkrai|\n|poke|p1|Gholdengo|\n|poke|p1|Dragonite, M|\n|poke|p1|Excadrill, M|\n|poke|p1|Blaziken, F|\n|poke|p2|Pelipper, M|\n|poke|p2|Barraskewda, F|\n|poke|p2|Raging Bolt|\n|poke|p2|Iron Treads|\n|poke|p2|Overqwil, M|\n|poke|p2|Kingambit, M|\n|teampreview\n|inactive|Battle timer is ON: inactive players will automatically lose when time's up. (requested by AdriMen7)\n|inactive|Nickiewch also wants the timer to be on.\n|c|\u2606Nickiewch|Hav fun\n|c|\u2606AdriMen7|glhf\n|\n|t:|1788273710\n|teamsize|p1|6\n|teamsize|p2|6\n|start\n|switch|p1a: Ghouldengo|Gholdengo, shiny|100/100\n|switch|p2a: PeliGOAT|Pelipper, M, shiny|100/100\n|-item|p1a: Ghouldengo|Air Balloon\n|-weather|RainDance|[from] ability: Drizzle|[of] p2a: PeliGOAT\n|turn|1\n|\n|t:|1788273719\n|move|p1a: Ghouldengo|Thunderbolt|p2a: PeliGOAT\n|-supereffective|p2a: PeliGOAT\n|-damage|p2a: PeliGOAT|0 fnt\n|faint|p2a: PeliGOAT\n|\n|-weather|RainDance|[upkeep]\n|upkeep\n|\n|t:|1788273730\n|switch|p2a: Fihssile|Barraskewda, F, shiny|100/100\n|turn|2\n|\n|t:|1788273733\n|move|p2a: Fihssile|Flip Turn|p1a: Ghouldengo\n|-damage|p1a: Ghouldengo|21/100\n|-enditem|p1a: Ghouldengo|Air Balloon\n|\n|t:|1788273736\n|switch|p2a: DUM30|Iron Treads|100/100|[from] Flip Turn\n|-enditem|p2a: DUM30|Booster Energy\n|-activate|p2a: DUM30|ability: Quark Drive|[fromitem]\n|-start|p2a: DUM30|quarkdrivespe\n|move|p1a: Ghouldengo|Thunderbolt|p2a: DUM30\n|-immune|p2a: DUM30\n|\n|-weather|RainDance|[upkeep]\n|upkeep\n|turn|3\n|\n|t:|1788273747\n|move|p2a: DUM30|Stealth Rock|p1a: Ghouldengo\n|-sidestart|p1: Nickiewch|move: Stealth Rock\n|move|p1a: Ghouldengo|Shadow Ball|p2a: DUM30\n|-damage|p2a: DUM30|38/100\n|\n|-weather|RainDance|[upkeep]\n|upkeep\n|turn|4\n|\n|t:|1788273754\n|move|p2a: DUM30|Earth Power|p1a: Ghouldengo\n|-supereffective|p1a: Ghouldengo\n|-damage|p1a: Ghouldengo|0 fnt\n|faint|p1a: Ghouldengo\n|\n|-weather|RainDance|[upkeep]\n|upkeep\n|\n|t:|1788273762\n|switch|p1a: Janice Ivy|Ninetales-Alola, F, shiny|100/100\n|-damage|p1a: Janice Ivy|76/100|[from] Stealth Rock\n|-weather|Snowscape|[from] ability: Snow Warning|[of] p1a: Janice Ivy\n|turn|5\n|\n|t:|1788273771\n|move|p2a: DUM30|Steel Beam|p1a: Janice Ivy\n|-supereffective|p1a: Janice Ivy\n|-damage|p1a: Janice Ivy|0 fnt\n|faint|p1a: Janice Ivy\n|-damage|p2a: DUM30|0 fnt|[from] steelbeam\n|faint|p2a: DUM30\n|-end|p2a: DUM30|Quark Drive|[silent]\n|\n|-weather|Snowscape|[upkeep]\n|upkeep\n|c|\u2606AdriMen7|nuh uh, no veil\n|\n|t:|1788273784\n|switch|p1a: Dr. Agonite|Dragonite, M, shiny|100/100\n|switch|p2a: Fihssile|Barraskewda, F, shiny|100/100\n|-damage|p1a: Dr. Agonite|76/100|[from] Stealth Rock\n|turn|6\n|\n|t:|1788273794\n|move|p2a: Fihssile|Flip Turn|p1a: Dr. Agonite\n|-resisted|p1a: Dr. Agonite\n|-damage|p1a: Dr. Agonite|50/100\n|\n|t:|1788273797\n|switch|p2a: Overfih|Overqwil, M, shiny|100/100|[from] Flip Turn\n|move|p1a: Dr. Agonite|Dragon Dance|p1a: Dr. Agonite\n|-boost|p1a: Dr. Agonite|atk|1\n|-boost|p1a: Dr. Agonite|spe|1\n|\n|-weather|Snowscape|[upkeep]\n|upkeep\n|turn|7\n|\n|t:|1788273808\n|-terastallize|p1a: Dr. Agonite|Normal\n|-terastallize|p2a: Overfih|Water\n|move|p1a: Dr. Agonite|Earthquake|p2a: Overfih\n|-damage|p2a: Overfih|32/100\n|move|p2a: Overfih|Crunch|p1a: Dr. Agonite\n|-damage|p1a: Dr. Agonite|0 fnt\n|faint|p1a: Dr. Agonite\n|-damage|p2a: Overfih|22/100|[from] item: Life Orb\n|\n|-weather|Snowscape|[upkeep]\n|upkeep\n|\n|t:|1788273824\n|switch|p1a: Dih Drill|Excadrill, M, shiny|100/100\n|-damage|p1a: Dih Drill|97/100|[from] Stealth Rock\n|-ability|p1a: Dih Drill|Mold Breaker\n|-item|p1a: Dih Drill|Air Balloon\n|turn|8\n|c|\u2606AdriMen7|What was the tera for?\n|\n|t:|1788273833\n|move|p1a: Dih Drill|Rapid Spin|p2a: Overfih\n|-damage|p2a: Overfih|2/100\n|-boost|p1a: Dih Drill|spe|1\n|-sideend|p1: Nickiewch|Stealth Rock|[from] move: Rapid Spin|[of] p1a: Dih Drill\n|move|p2a: Overfih|Liquidation|p1a: Dih Drill\n|-supereffective|p1a: Dih Drill\n|-damage|p1a: Dih Drill|0 fnt\n|-enditem|p1a: Dih Drill|Air Balloon\n|faint|p1a: Dih Drill\n|-damage|p2a: Overfih|0 fnt|[from] item: Life Orb\n|faint|p2a: Overfih\n|\n|-weather|Snowscape|[upkeep]\n|upkeep\n|\n|t:|1788273847\n|switch|p1a: Oppenheimer|Darkrai, shiny|100/100\n|switch|p2a: Fihssile|Barraskewda, F, shiny|100/100\n|turn|9\n|\n|t:|1788273853\n|move|p1a: Oppenheimer|Nasty Plot|p1a: Oppenheimer\n|-boost|p1a: Oppenheimer|spa|2\n|move|p2a: Fihssile|Flip Turn|p1a: Oppenheimer\n|-damage|p1a: Oppenheimer|35/100\n|\n|t:|1788273856\n|switch|p2a: Thor|Raging Bolt|100/100|[from] Flip Turn\n|-enditem|p2a: Thor|Booster Energy\n|-activate|p2a: Thor|ability: Protosynthesis|[fromitem]\n|-start|p2a: Thor|protosynthesisspa\n|\n|-weather|none\n|upkeep\n|turn|10\n|\n|t:|1788273865\n|move|p2a: Thor|Thunderclap||[still]\n|-fail|p2a: Thor\n|move|p1a: Oppenheimer|Nasty Plot|p1a: Oppenheimer\n|-boost|p1a: Oppenheimer|spa|2\n|\n|upkeep\n|turn|11\n|\n|t:|1788273871\n|move|p2a: Thor|Thunderclap||[still]\n|-fail|p2a: Thor\n|move|p1a: Oppenheimer|Nasty Plot|p1a: Oppenheimer\n|-boost|p1a: Oppenheimer|spa|2\n|\n|upkeep\n|turn|12\n|\n|t:|1788273878\n|move|p2a: Thor|Thunderclap||[still]\n|-fail|p2a: Thor\n|move|p1a: Oppenheimer|Nasty Plot|p1a: Oppenheimer\n|-boost|p1a: Oppenheimer|spa|0\n|\n|upkeep\n|turn|13\n|\n|t:|1788273884\n|move|p2a: Thor|Thunderclap||[still]\n|-fail|p2a: Thor\n|move|p1a: Oppenheimer|Nasty Plot|p1a: Oppenheimer\n|-boost|p1a: Oppenheimer|spa|0\n|\n|upkeep\n|turn|14\n|\n|t:|1788273890\n|move|p2a: Thor|Thunderclap||[still]\n|-fail|p2a: Thor\n|move|p1a: Oppenheimer|Nasty Plot|p1a: Oppenheimer\n|-boost|p1a: Oppenheimer|spa|0\n|\n|upkeep\n|turn|15\n|\n|t:|1788273896\n|move|p1a: Oppenheimer|Nasty Plot|p1a: Oppenheimer\n|-boost|p1a: Oppenheimer|spa|0\n|move|p2a: Thor|Draco Meteor|p1a: Oppenheimer\n|-damage|p1a: Oppenheimer|0 fnt\n|-unboost|p2a: Thor|spa|2\n|faint|p1a: Oppenheimer\n|\n|upkeep\n|\n|t:|1788273905\n|switch|p1a: KFC Ambassador|Blaziken, F, shiny|100/100\n|turn|16\n|\n|t:|1788273908\n|move|p1a: KFC Ambassador|Swords Dance|p1a: KFC Ambassador\n|-boost|p1a: KFC Ambassador|atk|2\n|move|p2a: Thor|Draco Meteor|p1a: KFC Ambassador\n|-damage|p1a: KFC Ambassador|26/100\n|-unboost|p2a: Thor|spa|2\n|\n|-ability|p1a: KFC Ambassador|Speed Boost|boost\n|-boost|p1a: KFC Ambassador|spe|1\n|upkeep\n|turn|17\n|c|\u2606AdriMen7|gg\n|\n|t:|1788273919\n|move|p1a: KFC Ambassador|Close Combat|p2a: Thor\n|-damage|p2a: Thor|0 fnt\n|-unboost|p1a: KFC Ambassador|def|1\n|-unboost|p1a: KFC Ambassador|spd|1\n|faint|p2a: Thor\n|-end|p2a: Thor|Protosynthesis|[silent]\n|\n|-ability|p1a: KFC Ambassador|Speed Boost|boost\n|-boost|p1a: KFC Ambassador|spe|1\n|upkeep\n|\n|t:|1788273922\n|switch|p2a: Fihssile|Barraskewda, F, shiny|100/100\n|turn|18\n|\n|t:|1788273929\n|move|p2a: Fihssile|Aqua Jet|p1a: KFC Ambassador\n|-supereffective|p1a: KFC Ambassador\n|-damage|p1a: KFC Ambassador|0 fnt\n|faint|p1a: KFC Ambassador\n|\n|win|AdriMen7\n|raw|Nickiewch's rating: 1399 &rarr; <strong>1378</strong><br />(-21 for losing)\n|raw|AdriMen7's rating: 1375 &rarr; <strong>1396</strong><br />(+21 for winning)\n|l|\u2606Nickiewch\n|player|p1|\n|l|\u2606AdriMen7\n|player|p2|\n", "uploadtime": 1788274062, "views": "0", "formatid": "gen9ou", "rating": 1378, "private": 0, "password": null}