{"id": "gen9ou-2673990113", "format": "[Gen 9] OU", "players": ["moodrandom", "omenkiller_rollo"], "log": "|j|\u2606moodrandom\n|j|\u2606omenkiller_rollo\n|t:|1788285512\n|gametype|singles\n|player|p1|moodrandom|thorton|1551\n|player|p2|omenkiller_rollo|skier|1505\n|gen|9\n|tier|[Gen 9] OU\n|rated|\n|rule|HP Percentage Mod: HP is shown in percentages\n|rule|Endless Battle Clause: Forcing endless battles is banned\n|rule|Species Clause: Limit one of each Pok\u00e9mon\n|rule|OHKO Clause: OHKO moves are banned\n|rule|Evasion Items Clause: Evasion items are banned\n|rule|Evasion Moves Clause: Evasion moves are banned\n|rule|Evasion Abilities Clause: Evasion abilities are banned\n|rule|Sleep Moves Clause: Sleep-inducing moves are banned\n|clearpoke\n|poke|p1|Houndstone, F|\n|poke|p1|Tyranitar, M|\n|poke|p1|Excadrill, F|\n|poke|p1|Toxapex, M|\n|poke|p1|Latios, M|\n|poke|p1|Zamazenta-*|\n|poke|p2|Cinderace, F|\n|poke|p2|Great Tusk|\n|poke|p2|Empoleon, F|\n|poke|p2|Weezing-Galar, F|\n|poke|p2|Jolteon, F|\n|poke|p2|Hydrapple, M|\n|teampreview\n|inactive|Battle timer is ON: inactive players will automatically lose when time's up. (requested by omenkiller_rollo)\n|j| DA COME UP\n|\n|t:|1788285529\n|teamsize|p1|6\n|teamsize|p2|6\n|start\n|switch|p1a: Tyranitar|Tyranitar, M|100/100\n|switch|p2a: Cinderace|Cinderace, F|100/100\n|-weather|Sandstorm|[from] ability: Sand Stream|[of] p1a: Tyranitar\n|turn|1\n|l| DA COME UP\n|\n|t:|1788285533\n|switch|p1a: Toxapex|Toxapex, M|100/100\n|move|p2a: Cinderace|U-turn|p1a: Toxapex\n|-start|p2a: Cinderace|typechange|Bug|[from] ability: Libero\n|-resisted|p1a: Toxapex\n|-damage|p1a: Toxapex|82/100\n|-enditem|p1a: Toxapex|Eject Button\n|\n|t:|1788285539\n|switch|p1a: Houndstone|Houndstone, F|100/100\n|\n|-weather|Sandstorm|[upkeep]\n|-damage|p2a: Cinderace|95/100|[from] Sandstorm\n|upkeep\n|turn|2\n|\n|t:|1788285542\n|move|p1a: Houndstone|Poltergeist|p2a: Cinderace\n|-activate|p2a: Cinderace|move: Poltergeist|Choice Band\n|-damage|p2a: Cinderace|0 fnt\n|faint|p2a: Cinderace\n|\n|-weather|Sandstorm|[upkeep]\n|upkeep\n|\n|t:|1788285565\n|switch|p2a: Weezing|Weezing-Galar, F|100/100\n|-ability|p2a: Weezing|Neutralizing Gas\n|turn|3\n|\n|t:|1788285577\n|switch|p1a: Latios|Latios, M|100/100\n|move|p2a: Weezing|Will-O-Wisp|p1a: Latios\n|-status|p1a: Latios|brn\n|\n|-weather|Sandstorm|[upkeep]\n|-damage|p1a: Latios|95/100 brn|[from] Sandstorm\n|-damage|p2a: Weezing|95/100|[from] Sandstorm\n|-heal|p2a: Weezing|100/100|[from] item: Leftovers\n|-damage|p1a: Latios|89/100 brn|[from] brn\n|upkeep\n|turn|4\n|\n|t:|1788285584\n|-end|p2a: Weezing|ability: Neutralizing Gas\n|switch|p2a: Empoleon|Empoleon, F|100/100\n|move|p1a: Latios|Future Sight|p2a: Empoleon\n|-start|p1a: Latios|move: Future Sight\n|\n|-weather|Sandstorm|[upkeep]\n|-damage|p1a: Latios|83/100 brn|[from] Sandstorm\n|-damage|p1a: Latios|77/100 brn|[from] brn\n|upkeep\n|turn|5\n|\n|t:|1788285605\n|move|p1a: Latios|Flip Turn|p2a: Empoleon\n|-resisted|p2a: Empoleon\n|-damage|p2a: Empoleon|98/100\n|\n|t:|1788285610\n|switch|p1a: Zamazenta|Zamazenta|100/100|[from] Flip Turn\n|-ability|p1a: Zamazenta|Dauntless Shield|boost\n|-boost|p1a: Zamazenta|def|1\n|move|p2a: Empoleon|Knock Off|p1a: Zamazenta\n|-resisted|p1a: Zamazenta\n|-damage|p1a: Zamazenta|94/100\n|-enditem|p1a: Zamazenta|Expert Belt|[from] move: Knock Off|[of] p2a: Empoleon\n|\n|-weather|Sandstorm|[upkeep]\n|-damage|p1a: Zamazenta|88/100|[from] Sandstorm\n|-heal|p2a: Empoleon|100/100|[from] item: Leftovers\n|upkeep\n|turn|6\n|inactive|omenkiller_rollo has 120 seconds left.\n|\n|t:|1788285638\n|switch|p2a: Jolteon|Jolteon, F|100/100\n|move|p1a: Zamazenta|Close Combat|p2a: Jolteon\n|-damage|p2a: Jolteon|0 fnt\n|-unboost|p1a: Zamazenta|def|1\n|-unboost|p1a: Zamazenta|spd|1\n|faint|p2a: Jolteon\n|\n|-weather|Sandstorm|[upkeep]\n|-damage|p1a: Zamazenta|82/100|[from] Sandstorm\n|-hint|Future Sight did not hit because the target is fainted.\n|upkeep\n|inactive|omenkiller_rollo has 120 seconds left.\n|\n|t:|1788285652\n|switch|p2a: Weezing|Weezing-Galar, F|100/100\n|-ability|p2a: Weezing|Neutralizing Gas\n|turn|7\n|\n|t:|1788285657\n|switch|p1a: Toxapex|Toxapex, M|100/100\n|move|p2a: Weezing|Sludge Bomb|p1a: Toxapex\n|-resisted|p1a: Toxapex\n|-damage|p1a: Toxapex|92/100\n|\n|-weather|Sandstorm|[upkeep]\n|-damage|p2a: Weezing|95/100|[from] Sandstorm\n|-damage|p1a: Toxapex|86/100|[from] Sandstorm\n|-heal|p2a: Weezing|100/100|[from] item: Leftovers\n|upkeep\n|turn|8\n|inactive|omenkiller_rollo has 120 seconds left.\n|\n|t:|1788285675\n|move|p2a: Weezing|Will-O-Wisp|p1a: Toxapex\n|-status|p1a: Toxapex|brn\n|move|p1a: Toxapex|Toxic Spikes|p2a: Weezing\n|-sidestart|p2: omenkiller_rollo|move: Toxic Spikes\n|\n|-weather|none\n|-damage|p1a: Toxapex|80/100 brn|[from] brn\n|upkeep\n|turn|9\n|\n|t:|1788285683\n|-end|p2a: Weezing|ability: Neutralizing Gas\n|switch|p2a: Empoleon|Empoleon, F|100/100\n|switch|p1a: Latios|Latios, M|77/100 brn\n|\n|-damage|p1a: Latios|71/100 brn|[from] brn\n|upkeep\n|turn|10\n|\n|t:|1788285688\n|move|p1a: Latios|Flip Turn|p2a: Empoleon\n|-resisted|p2a: Empoleon\n|-damage|p2a: Empoleon|98/100\n|\n|t:|1788285693\n|switch|p1a: Zamazenta|Zamazenta|82/100|[from] Flip Turn\n|move|p2a: Empoleon|Knock Off|p1a: Zamazenta\n|-resisted|p1a: Zamazenta\n|-damage|p1a: Zamazenta|76/100\n|\n|-heal|p2a: Empoleon|100/100|[from] item: Leftovers\n|upkeep\n|turn|11\n|\n|t:|1788285696\n|switch|p2a: Weezing|Weezing-Galar, F|100/100\n|-ability|p2a: Weezing|Neutralizing Gas\n|-sideend|p2: omenkiller_rollo|move: Toxic Spikes|[of] p2a: Weezing\n|move|p1a: Zamazenta|Heavy Slam|p2a: Weezing\n|-supereffective|p2a: Weezing\n|-damage|p2a: Weezing|51/100\n|\n|-heal|p2a: Weezing|57/100|[from] item: Leftovers\n|upkeep\n|turn|12\n|\n|t:|1788285704\n|switch|p1a: Latios|Latios, M|71/100 brn\n|move|p2a: Weezing|Pain Split|p1a: Latios\n|-sethp|p1a: Latios|67/100 brn|[from] move: Pain Split|[silent]\n|-sethp|p2a: Weezing|60/100|[from] move: Pain Split\n|\n|-heal|p2a: Weezing|66/100|[from] item: Leftovers\n|-damage|p1a: Latios|61/100 brn|[from] brn\n|upkeep\n|turn|13\n|\n|t:|1788285711\n|-end|p2a: Weezing|ability: Neutralizing Gas\n|switch|p2a: Empoleon|Empoleon, F|100/100\n|move|p1a: Latios|Future Sight|p2a: Empoleon\n|-start|p1a: Latios|move: Future Sight\n|\n|-damage|p1a: Latios|55/100 brn|[from] brn\n|upkeep\n|turn|14\n|\n|t:|1788285716\n|move|p1a: Latios|Flip Turn|p2a: Empoleon\n|-resisted|p2a: Empoleon\n|-damage|p2a: Empoleon|98/100\n|\n|t:|1788285718\n|switch|p1a: Zamazenta|Zamazenta|76/100|[from] Flip Turn\n|move|p2a: Empoleon|Hydro Pump|p1a: Zamazenta|[miss]\n|-miss|p2a: Empoleon|p1a: Zamazenta\n|\n|-heal|p2a: Empoleon|100/100|[from] item: Leftovers\n|upkeep\n|turn|15\n|-message|omenkiller_rollo forfeited.\n|\n|win|moodrandom\n|raw|moodrandom's rating: 1551 &rarr; <strong>1568</strong><br />(+17 for winning)\n|raw|omenkiller_rollo's rating: 1505 &rarr; <strong>1488</strong><br />(-17 for losing)\n|l|\u2606omenkiller_rollo\n|player|p2|\n|l|\u2606moodrandom\n|player|p1|\n", "uploadtime": 1788285884, "views": "0", "formatid": "gen9ou", "rating": 1488, "private": 0, "password": null}