{"id": "gen9ou-2673871404", "format": "[Gen 9] OU", "players": ["TheLargestLad", "swagswag234"], "log": "|j|\u2606TheLargestLad\n|j|\u2606swagswag234\n|t:|1788271243\n|gametype|singles\n|player|p1|TheLargestLad|miku-grass|1448\n|player|p2|swagswag234|cyclist|1479\n|gen|9\n|tier|[Gen 9] OU\n|rated|\n|rule|HP Percentage Mod: HP is shown in percentages\n|rule|Endless Battle Clause: Forcing endless battles is banned\n|rule|Species Clause: Limit one of each Pok\u00e9mon\n|rule|OHKO Clause: OHKO moves are banned\n|rule|Evasion Items Clause: Evasion items are banned\n|rule|Evasion Moves Clause: Evasion moves are banned\n|rule|Evasion Abilities Clause: Evasion abilities are banned\n|rule|Sleep Moves Clause: Sleep-inducing moves are banned\n|clearpoke\n|poke|p1|Raging Bolt|\n|poke|p1|Ogerpon-Wellspring, F|\n|poke|p1|Zamazenta-*|\n|poke|p1|Cresselia, F|\n|poke|p1|Glimmora, M|\n|poke|p1|Kingambit, M|\n|poke|p2|Gliscor, M|\n|poke|p2|Gholdengo|\n|poke|p2|Dragonite, F|\n|poke|p2|Sinistcha|\n|poke|p2|Ting-Lu|\n|poke|p2|Keldeo|\n|teampreview\n|inactive|Battle timer is ON: inactive players will automatically lose when time's up. (requested by swagswag234)\n|inactive|swagswag234 has 120 seconds left.\n|inactive|swagswag234 has 90 seconds left.\n|inactive|swagswag234 has 60 seconds left.\n|inactive|swagswag234 has 30 seconds left.\n|inactive|swagswag234 has 20 seconds left.\n|inactive|swagswag234 has 15 seconds left.\n|inactive|swagswag234 has 10 seconds left.\n|inactive|swagswag234 has 5 seconds left.\n|\n|t:|1788271391\n|teamsize|p1|6\n|teamsize|p2|6\n|start\n|switch|p1a: Glimmora|Glimmora, M|100/100\n|switch|p2a: Gliscor|Gliscor, M|100/100\n|turn|1\n|inactive|swagswag234 has 60 seconds left.\n|\n|t:|1788271419\n|switch|p1a: Ogerpon|Ogerpon-Wellspring, F|100/100\n|move|p2a: Gliscor|Protect||[still]\n|-fail|p2a: Gliscor\n|\n|-status|p2a: Gliscor|tox|[from] item: Toxic Orb\n|upkeep\n|turn|2\n|\n|t:|1788271437\n|switch|p2a: Sinistcha|Sinistcha|100/100\n|move|p1a: Ogerpon|Knock Off|p2a: Sinistcha\n|-supereffective|p2a: Sinistcha\n|-damage|p2a: Sinistcha|47/100\n|-enditem|p2a: Sinistcha|Heavy-Duty Boots|[from] move: Knock Off|[of] p1a: Ogerpon\n|\n|upkeep\n|turn|3\n|\n|t:|1788271448\n|move|p1a: Ogerpon|Taunt|p2a: Sinistcha\n|-start|p2a: Sinistcha|move: Taunt\n|move|p2a: Sinistcha|Matcha Gotcha|p1a: Ogerpon\n|-damage|p1a: Ogerpon|65/100\n|-heal|p2a: Sinistcha|62/100|[from] drain|[of] p1a: Ogerpon\n|\n|upkeep\n|turn|4\n|\n|t:|1788271457\n|switch|p1a: Glimmora|Glimmora, M|100/100\n|move|p2a: Sinistcha|Matcha Gotcha|p1a: Glimmora\n|-damage|p1a: Glimmora|65/100\n|-heal|p2a: Sinistcha|81/100|[from] drain|[of] p1a: Glimmora\n|-enditem|p1a: Glimmora|Red Card|[of] p2a: Sinistcha\n|drag|p2a: Ting-Lu|Ting-Lu|100/100\n|-ability|p2a: Ting-Lu|Vessel of Ruin\n|\n|upkeep\n|turn|5\n|inactive|swagswag234 has 60 seconds left.\n|inactive|swagswag234 has 30 seconds left.\n|\n|t:|1788271494\n|move|p1a: Glimmora|Stealth Rock|p2a: Ting-Lu\n|-sidestart|p2: swagswag234|move: Stealth Rock\n|move|p2a: Ting-Lu|Earthquake|p1a: Glimmora\n|-supereffective|p1a: Glimmora\n|-damage|p1a: Glimmora|0 fnt\n|-activate|p1a: Glimmora|ability: Toxic Debris\n|-sidestart|p2: swagswag234|move: Toxic Spikes\n|faint|p1a: Glimmora\n|\n|upkeep\n|inactive|TheLargestLad has 120 seconds left.\n|\n|t:|1788271516\n|switch|p1a: Zamazenta|Zamazenta|100/100\n|-ability|p1a: Zamazenta|Dauntless Shield|boost\n|-boost|p1a: Zamazenta|def|1\n|turn|6\n|inactive|swagswag234 has 30 seconds left.\n|\n|t:|1788271538\n|move|p1a: Zamazenta|Light Screen|p1a: Zamazenta\n|-sidestart|p1: TheLargestLad|move: Light Screen\n|move|p2a: Ting-Lu|Spikes|p1a: Zamazenta\n|-sidestart|p1: TheLargestLad|Spikes\n|\n|upkeep\n|turn|7\n|\n|t:|1788271547\n|move|p1a: Zamazenta|Reflect|p1a: Zamazenta\n|-sidestart|p1: TheLargestLad|Reflect\n|move|p2a: Ting-Lu|Stealth Rock|p1a: Zamazenta\n|-sidestart|p1: TheLargestLad|move: Stealth Rock\n|\n|upkeep\n|turn|8\n|\n|t:|1788271551\n|move|p1a: Zamazenta|Body Press|p2a: Ting-Lu\n|-supereffective|p2a: Ting-Lu\n|-damage|p2a: Ting-Lu|43/100\n|move|p2a: Ting-Lu|Spikes|p1a: Zamazenta\n|-sidestart|p1: TheLargestLad|Spikes\n|\n|-heal|p2a: Ting-Lu|49/100|[from] item: Leftovers\n|upkeep\n|turn|9\n|\n|t:|1788271564\n|switch|p1a: Cresselia|Cresselia, F|100/100\n|-damage|p1a: Cresselia|88/100|[from] Stealth Rock\n|switch|p2a: Gholdengo|Gholdengo|100/100\n|-damage|p2a: Gholdengo|94/100|[from] Stealth Rock\n|\n|-heal|p1a: Cresselia|94/100|[from] item: Leftovers\n|upkeep\n|turn|10\n|\n|t:|1788271569\n|move|p2a: Gholdengo|Trick|p1a: Cresselia\n|-activate|p2a: Gholdengo|move: Trick|[of] p1a: Cresselia\n|-item|p1a: Cresselia|Choice Scarf|[from] move: Trick\n|-item|p2a: Gholdengo|Leftovers|[from] move: Trick\n|move|p1a: Cresselia|Calm Mind|p1a: Cresselia\n|-boost|p1a: Cresselia|spa|1\n|-boost|p1a: Cresselia|spd|1\n|\n|-heal|p2a: Gholdengo|100/100|[from] item: Leftovers\n|upkeep\n|turn|11\n|\n|t:|1788271577\n|switch|p1a: Kingambit|Kingambit, M|100/100\n|-damage|p1a: Kingambit|84/100|[from] Spikes\n|-damage|p1a: Kingambit|78/100|[from] Stealth Rock\n|-activate|p1a: Kingambit|ability: Supreme Overlord\n|-start|p1a: Kingambit|fallen1|[silent]\n|move|p2a: Gholdengo|Shadow Ball|p1a: Kingambit\n|-resisted|p1a: Kingambit\n|-damage|p1a: Kingambit|67/100\n|\n|-heal|p1a: Kingambit|73/100|[from] item: Leftovers\n|upkeep\n|turn|12\n|\n|t:|1788271589\n|switch|p2a: Ting-Lu|Ting-Lu|49/100\n|-damage|p2a: Ting-Lu|43/100|[from] Stealth Rock\n|-status|p2a: Ting-Lu|psn\n|-ability|p2a: Ting-Lu|Vessel of Ruin\n|move|p1a: Kingambit|Swords Dance|p1a: Kingambit\n|-boost|p1a: Kingambit|atk|2\n|\n|-heal|p1a: Kingambit|80/100|[from] item: Leftovers\n|-heal|p2a: Ting-Lu|49/100 psn|[from] item: Leftovers\n|-damage|p2a: Ting-Lu|37/100 psn|[from] psn\n|upkeep\n|turn|13\n|\n|t:|1788271595\n|move|p1a: Kingambit|Low Kick|p2a: Ting-Lu\n|-supereffective|p2a: Ting-Lu\n|-damage|p2a: Ting-Lu|0 fnt\n|faint|p2a: Ting-Lu\n|\n|-heal|p1a: Kingambit|86/100|[from] item: Leftovers\n|-sideend|p1: TheLargestLad|move: Light Screen\n|upkeep\n|\n|t:|1788271602\n|switch|p2a: Keldeo|Keldeo|100/100\n|turn|14\n|\n|t:|1788271609\n|-terastallize|p1a: Kingambit|Fire\n|move|p2a: Keldeo|Flip Turn|p1a: Kingambit\n|-supereffective|p1a: Kingambit\n|-damage|p1a: Kingambit|75/100\n|\n|t:|1788271619\n|switch|p2a: Gholdengo|Gholdengo|100/100|[from] Flip Turn\n|-damage|p2a: Gholdengo|94/100|[from] Stealth Rock\n|move|p1a: Kingambit|Low Kick|p2a: Gholdengo\n|-immune|p2a: Gholdengo\n|\n|-heal|p2a: Gholdengo|100/100|[from] item: Leftovers\n|-heal|p1a: Kingambit|81/100|[from] item: Leftovers\n|-sideend|p1: TheLargestLad|Reflect\n|upkeep\n|turn|15\n|\n|t:|1788271625\n|move|p2a: Gholdengo|Shadow Ball|p1a: Kingambit\n|-damage|p1a: Kingambit|38/100\n|-unboost|p1a: Kingambit|spd|1\n|move|p1a: Kingambit|Iron Head|p2a: Gholdengo\n|-resisted|p2a: Gholdengo\n|-damage|p2a: Gholdengo|45/100\n|\n|-heal|p2a: Gholdengo|51/100|[from] item: Leftovers\n|-heal|p1a: Kingambit|45/100|[from] item: Leftovers\n|upkeep\n|turn|16\n|inactive|swagswag234 has 90 seconds left.\n|\n|t:|1788271635\n|move|p2a: Gholdengo|Shadow Ball|p1a: Kingambit\n|-damage|p1a: Kingambit|0 fnt\n|faint|p1a: Kingambit\n|-end|p1a: Kingambit|fallen1|[silent]\n|\n|-heal|p2a: Gholdengo|57/100|[from] item: Leftovers\n|upkeep\n|\n|t:|1788271643\n|switch|p1a: Ogerpon|Ogerpon-Wellspring, F|65/100\n|-damage|p1a: Ogerpon|48/100|[from] Spikes\n|-damage|p1a: Ogerpon|36/100|[from] Stealth Rock\n|turn|17\n|\n|t:|1788271651\n|switch|p2a: Sinistcha|Sinistcha|81/100\n|-damage|p2a: Sinistcha|69/100|[from] Stealth Rock\n|-status|p2a: Sinistcha|psn\n|move|p1a: Ogerpon|Knock Off|p2a: Sinistcha\n|-supereffective|p2a: Sinistcha\n|-damage|p2a: Sinistcha|32/100 psn\n|\n|-damage|p2a: Sinistcha|20/100 psn|[from] psn\n|upkeep\n|turn|18\n|\n|t:|1788271659\n|move|p1a: Ogerpon|Knock Off|p2a: Sinistcha\n|-supereffective|p2a: Sinistcha\n|-damage|p2a: Sinistcha|0 fnt\n|faint|p2a: Sinistcha\n|\n|upkeep\n|\n|t:|1788271665\n|switch|p2a: Dragonite|Dragonite, F|100/100\n|turn|19\n|\n|t:|1788271668\n|move|p2a: Dragonite|Extreme Speed|p1a: Ogerpon\n|-damage|p1a: Ogerpon|0 fnt\n|faint|p1a: Ogerpon\n|\n|upkeep\n|\n|t:|1788271677\n|switch|p1a: Raging Bolt|Raging Bolt|100/100\n|-damage|p1a: Raging Bolt|84/100|[from] Spikes\n|-damage|p1a: Raging Bolt|72/100|[from] Stealth Rock\n|-enditem|p1a: Raging Bolt|Booster Energy\n|-activate|p1a: Raging Bolt|ability: Protosynthesis|[fromitem]\n|-start|p1a: Raging Bolt|protosynthesisspa\n|turn|20\n|\n|t:|1788271682\n|-terastallize|p2a: Dragonite|Normal\n|move|p2a: Dragonite|Extreme Speed|p1a: Raging Bolt\n|-damage|p1a: Raging Bolt|36/100\n|move|p1a: Raging Bolt|Dragon Pulse|p2a: Dragonite\n|-damage|p2a: Dragonite|72/100\n|\n|upkeep\n|turn|21\n|\n|t:|1788271690\n|move|p2a: Dragonite|Extreme Speed|p1a: Raging Bolt\n|-damage|p1a: Raging Bolt|0 fnt\n|faint|p1a: Raging Bolt\n|-end|p1a: Raging Bolt|Protosynthesis|[silent]\n|\n|upkeep\n|\n|t:|1788271693\n|switch|p1a: Zamazenta|Zamazenta|100/100\n|-damage|p1a: Zamazenta|84/100|[from] Spikes\n|-damage|p1a: Zamazenta|78/100|[from] Stealth Rock\n|turn|22\n|l|\u2606TheLargestLad\n|inactive|TheLargestLad disconnected and has a minute to reconnect!\n|player|p1|\n|inactive|TheLargestLad has 30 seconds to reconnect!\n|inactive|TheLargestLad has 20 seconds to reconnect!\n|inactive|TheLargestLad has 15 seconds to reconnect!\n|inactive|TheLargestLad has 10 seconds to reconnect!\n|inactive|TheLargestLad has 5 seconds to reconnect!\n|-message|TheLargestLad lost due to inactivity.\n|\n|win|swagswag234\n|raw|TheLargestLad's rating: 1448 &rarr; <strong>1430</strong><br />(-18 for losing)\n|raw|swagswag234's rating: 1479 &rarr; <strong>1497</strong><br />(+18 for winning)\n|l|\u2606swagswag234\n|player|p2|\n", "uploadtime": 1788271890, "views": "0", "formatid": "gen9ou", "rating": 1430, "private": 0, "password": null}