{"id": "gen9ou-2674024489", "format": "[Gen 9] OU", "players": ["endisticlovesrain", "scoopee_banoopee"], "log": "|j|\u2606endisticlovesrain\n|j|\u2606scoopee_banoopee\n|t:|1788289545\n|gametype|singles\n|player|p1|endisticlovesrain|lusamine-masters|1392\n|player|p2|scoopee_banoopee|pokemaniac|1391\n|gen|9\n|tier|[Gen 9] OU\n|rated|\n|rule|HP Percentage Mod: HP is shown in percentages\n|rule|Endless Battle Clause: Forcing endless battles is banned\n|rule|Species Clause: Limit one of each Pok\u00e9mon\n|rule|OHKO Clause: OHKO moves are banned\n|rule|Evasion Items Clause: Evasion items are banned\n|rule|Evasion Moves Clause: Evasion moves are banned\n|rule|Evasion Abilities Clause: Evasion abilities are banned\n|rule|Sleep Moves Clause: Sleep-inducing moves are banned\n|clearpoke\n|poke|p1|Zamazenta-*|\n|poke|p1|Raging Bolt|\n|poke|p1|Pelipper, F|\n|poke|p1|Iron Treads|\n|poke|p1|Overqwil, F|\n|poke|p1|Greninja-*, M|\n|poke|p2|Raging Bolt|\n|poke|p2|Ogerpon-Wellspring, F|\n|poke|p2|Zamazenta-*|\n|poke|p2|Cresselia, F|\n|poke|p2|Glimmora, F|\n|poke|p2|Kingambit, M|\n|teampreview\n|inactive|Battle timer is ON: inactive players will automatically lose when time's up. (requested by endisticlovesrain)\n|\n|t:|1788289561\n|teamsize|p1|6\n|teamsize|p2|6\n|start\n|switch|p1a: Iron Treads|Iron Treads|100/100\n|switch|p2a: Raging Bolt|Raging Bolt|100/100\n|-enditem|p1a: Iron Treads|Booster Energy\n|-activate|p1a: Iron Treads|ability: Quark Drive|[fromitem]\n|-start|p1a: Iron Treads|quarkdrivespe\n|-enditem|p2a: Raging Bolt|Booster Energy\n|-activate|p2a: Raging Bolt|ability: Protosynthesis|[fromitem]\n|-start|p2a: Raging Bolt|protosynthesisspa\n|turn|1\n|\n|t:|1788289572\n|-end|p2a: Raging Bolt|Protosynthesis|[silent]\n|switch|p2a: Zamazenta|Zamazenta|100/100\n|-ability|p2a: Zamazenta|Dauntless Shield|boost\n|-boost|p2a: Zamazenta|def|1\n|move|p1a: Iron Treads|Stealth Rock|p2a: Zamazenta\n|-sidestart|p2: scoopee_banoopee|move: Stealth Rock\n|\n|upkeep\n|turn|2\n|\n|t:|1788289578\n|-end|p1a: Iron Treads|Quark Drive|[silent]\n|switch|p1a: Pelipper|Pelipper, F|100/100\n|-weather|RainDance|[from] ability: Drizzle|[of] p1a: Pelipper\n|move|p2a: Zamazenta|Light Screen|p2a: Zamazenta\n|-sidestart|p2: scoopee_banoopee|move: Light Screen\n|\n|-weather|RainDance|[upkeep]\n|upkeep\n|turn|3\n|\n|t:|1788289582\n|move|p2a: Zamazenta|Reflect|p2a: Zamazenta\n|-sidestart|p2: scoopee_banoopee|Reflect\n|move|p1a: Pelipper|U-turn|p2a: Zamazenta\n|-resisted|p2a: Zamazenta\n|-damage|p2a: Zamazenta|99/100\n|\n|t:|1788289584\n|switch|p1a: Zamazenta|Zamazenta|100/100|[from] U-turn\n|-ability|p1a: Zamazenta|Dauntless Shield|boost\n|-boost|p1a: Zamazenta|def|1\n|\n|-weather|RainDance|[upkeep]\n|upkeep\n|turn|4\n|\n|t:|1788289588\n|move|p1a: Zamazenta|Light Screen|p1a: Zamazenta\n|-sidestart|p1: endisticlovesrain|move: Light Screen\n|move|p2a: Zamazenta|Roar|p1a: Zamazenta\n|drag|p1a: Raging Bolt|Raging Bolt|100/100\n|-enditem|p1a: Raging Bolt|Booster Energy\n|-activate|p1a: Raging Bolt|ability: Protosynthesis|[fromitem]\n|-start|p1a: Raging Bolt|protosynthesisspa\n|\n|-weather|RainDance|[upkeep]\n|upkeep\n|turn|5\n|\n|t:|1788289597\n|move|p1a: Raging Bolt|Dragon Pulse|p2a: Zamazenta\n|-damage|p2a: Zamazenta|72/100\n|move|p2a: Zamazenta|Roar|p1a: Raging Bolt\n|-end|p1a: Raging Bolt|Protosynthesis|[silent]\n|drag|p1a: Iron Treads|Iron Treads|100/100\n|\n|-weather|RainDance|[upkeep]\n|upkeep\n|turn|6\n|\n|t:|1788289605\n|move|p2a: Zamazenta|Body Press|p1a: Iron Treads\n|-supereffective|p1a: Iron Treads\n|-damage|p1a: Iron Treads|0 fnt\n|faint|p1a: Iron Treads\n|-end|p1a: Iron Treads|Quark Drive|[silent]\n|\n|-weather|RainDance|[upkeep]\n|upkeep\n|\n|t:|1788289621\n|switch|p1a: Raging Bolt|Raging Bolt|100/100\n|turn|7\n|inactive|scoopee_banoopee has 120 seconds left.\n|\n|t:|1788289653\n|switch|p2a: Cresselia|Cresselia, F|100/100\n|-damage|p2a: Cresselia|88/100|[from] Stealth Rock\n|move|p1a: Raging Bolt|Dragon Pulse|p2a: Cresselia\n|-crit|p2a: Cresselia\n|-damage|p2a: Cresselia|39/100\n|\n|-weather|RainDance|[upkeep]\n|-heal|p2a: Cresselia|46/100|[from] item: Leftovers\n|upkeep\n|turn|8\n|inactive|scoopee_banoopee has 120 seconds left.\n|\n|t:|1788289668\n|-end|p1a: Raging Bolt|Protosynthesis|[silent]\n|switch|p1a: Greninja|Greninja, M|100/100\n|-terastallize|p2a: Cresselia|Fairy\n|move|p2a: Cresselia|Calm Mind|p2a: Cresselia\n|-boost|p2a: Cresselia|spa|1\n|-boost|p2a: Cresselia|spd|1\n|\n|-weather|RainDance|[upkeep]\n|-heal|p2a: Cresselia|52/100|[from] item: Leftovers\n|upkeep\n|turn|9\n|\n|t:|1788289670\n|move|p1a: Greninja|Taunt|p2a: Cresselia\n|-start|p2a: Cresselia|move: Taunt\n|cant|p2a: Cresselia|move: Taunt|Lunar Blessing\n|\n|-weather|none\n|-heal|p2a: Cresselia|58/100|[from] item: Leftovers\n|-sideend|p2: scoopee_banoopee|move: Light Screen\n|upkeep\n|turn|10\n|\n|t:|1788289678\n|switch|p1a: Pelipper|Pelipper, F|100/100\n|-weather|RainDance|[from] ability: Drizzle|[of] p1a: Pelipper\n|move|p2a: Cresselia|Moonblast|p1a: Pelipper\n|-damage|p1a: Pelipper|74/100\n|-unboost|p1a: Pelipper|spa|1\n|\n|-weather|RainDance|[upkeep]\n|-heal|p2a: Cresselia|64/100|[from] item: Leftovers\n|-sideend|p2: scoopee_banoopee|Reflect\n|upkeep\n|turn|11\n|\n|t:|1788289693\n|switch|p2a: Glimmora|Glimmora, F|100/100\n|-damage|p2a: Glimmora|88/100|[from] Stealth Rock\n|move|p1a: Pelipper|U-turn|p2a: Glimmora\n|-resisted|p2a: Glimmora\n|-damage|p2a: Glimmora|85/100\n|-activate|p2a: Glimmora|ability: Toxic Debris\n|-sidestart|p1: endisticlovesrain|move: Toxic Spikes\n|-enditem|p2a: Glimmora|Red Card|[of] p1a: Pelipper\n|drag|p1a: Overqwil|Overqwil, F|100/100\n|-sideend|p1: endisticlovesrain|move: Toxic Spikes|[of] p1a: Overqwil\n|\n|-weather|RainDance|[upkeep]\n|-sideend|p1: endisticlovesrain|move: Light Screen\n|upkeep\n|turn|12\n|\n|t:|1788289708\n|switch|p2a: Cresselia|Cresselia, F, tera:Fairy|64/100\n|-damage|p2a: Cresselia|51/100|[from] Stealth Rock\n|move|p1a: Overqwil|Swords Dance|p1a: Overqwil\n|-boost|p1a: Overqwil|atk|2\n|\n|-weather|RainDance|[upkeep]\n|-heal|p2a: Cresselia|57/100|[from] item: Leftovers\n|upkeep\n|turn|13\n|\n|t:|1788289718\n|move|p1a: Overqwil|Gunk Shot|p2a: Cresselia\n|-supereffective|p2a: Cresselia\n|-damage|p2a: Cresselia|0 fnt\n|faint|p2a: Cresselia\n|-damage|p1a: Overqwil|91/100|[from] item: Life Orb\n|\n|-weather|RainDance|[upkeep]\n|upkeep\n|\n|t:|1788289732\n|switch|p2a: Raging Bolt|Raging Bolt|100/100\n|-damage|p2a: Raging Bolt|88/100|[from] Stealth Rock\n|turn|14\n|\n|t:|1788289750\n|move|p2a: Raging Bolt|Thunderclap||[still]\n|-fail|p2a: Raging Bolt\n|move|p1a: Overqwil|Swords Dance|p1a: Overqwil\n|-boost|p1a: Overqwil|atk|2\n|\n|-weather|RainDance|[upkeep]\n|upkeep\n|turn|15\n|\n|t:|1788289756\n|move|p2a: Raging Bolt|Thunderclap|p1a: Overqwil\n|-damage|p1a: Overqwil|31/100\n|move|p1a: Overqwil|Crunch|p2a: Raging Bolt\n|-damage|p2a: Raging Bolt|0 fnt\n|faint|p2a: Raging Bolt\n|-end|p2a: Raging Bolt|Protosynthesis|[silent]\n|-damage|p1a: Overqwil|22/100|[from] item: Life Orb\n|\n|-weather|RainDance|[upkeep]\n|upkeep\n|\n|t:|1788289760\n|switch|p2a: Kingambit|Kingambit, M|100/100\n|-damage|p2a: Kingambit|94/100|[from] Stealth Rock\n|-activate|p2a: Kingambit|ability: Supreme Overlord\n|-start|p2a: Kingambit|fallen2|[silent]\n|turn|16\n|\n|t:|1788289770\n|move|p1a: Overqwil|Swords Dance|p1a: Overqwil\n|-boost|p1a: Overqwil|atk|2\n|move|p2a: Kingambit|Iron Head|p1a: Overqwil\n|-damage|p1a: Overqwil|0 fnt\n|faint|p1a: Overqwil\n|\n|-weather|RainDance|[upkeep]\n|-heal|p2a: Kingambit|100/100|[from] item: Leftovers\n|upkeep\n|\n|t:|1788289772\n|switch|p1a: Greninja|Greninja, M|100/100\n|turn|17\n|\n|t:|1788289787\n|-end|p2a: Kingambit|fallen2|[silent]\n|switch|p2a: Zamazenta|Zamazenta|72/100\n|-damage|p2a: Zamazenta|66/100|[from] Stealth Rock\n|-terastallize|p1a: Greninja|Water\n|move|p1a: Greninja|Water Shuriken|p2a: Zamazenta\n|-damage|p2a: Zamazenta|49/100\n|-damage|p2a: Zamazenta|32/100\n|-damage|p2a: Zamazenta|16/100\n|-damage|p2a: Zamazenta|0 fnt\n|faint|p2a: Zamazenta\n|-ability|p1a: Greninja|Battle Bond|boost\n|-boost|p1a: Greninja|atk|1\n|-boost|p1a: Greninja|spa|1\n|-boost|p1a: Greninja|spe|1\n|-activate|p1a: Greninja|ability: Battle Bond\n|-hitcount|p2: Zamazenta|4\n|-damage|p1a: Greninja|91/100|[from] item: Life Orb\n|\n|-weather|none\n|upkeep\n|\n|t:|1788289798\n|switch|p2a: Ogerpon|Ogerpon-Wellspring, F|100/100\n|-damage|p2a: Ogerpon|88/100|[from] Stealth Rock\n|turn|18\n|\n|t:|1788289807\n|move|p1a: Greninja|Dark Pulse|p2a: Ogerpon\n|-damage|p2a: Ogerpon|3/100\n|-damage|p1a: Greninja|81/100|[from] item: Life Orb\n|move|p2a: Ogerpon|Power Whip|p1a: Greninja\n|-supereffective|p1a: Greninja\n|-damage|p1a: Greninja|0 fnt\n|faint|p1a: Greninja\n|\n|upkeep\n|\n|t:|1788289810\n|switch|p1a: Zamazenta|Zamazenta|100/100\n|turn|19\n|\n|t:|1788289815\n|switch|p2a: Glimmora|Glimmora, F|85/100\n|-damage|p2a: Glimmora|72/100|[from] Stealth Rock\n|move|p1a: Zamazenta|Body Press|p2a: Glimmora\n|-crit|p2a: Glimmora\n|-damage|p2a: Glimmora|31/100\n|-activate|p2a: Glimmora|ability: Toxic Debris\n|-sidestart|p1: endisticlovesrain|move: Toxic Spikes\n|\n|upkeep\n|turn|20\n|\n|t:|1788289824\n|move|p1a: Zamazenta|Heavy Slam|p2a: Glimmora\n|-supereffective|p2a: Glimmora\n|-damage|p2a: Glimmora|0 fnt\n|-activate|p2a: Glimmora|ability: Toxic Debris\n|-sidestart|p1: endisticlovesrain|move: Toxic Spikes\n|faint|p2a: Glimmora\n|\n|upkeep\n|\n|t:|1788289832\n|switch|p2a: Kingambit|Kingambit, M|100/100\n|-damage|p2a: Kingambit|94/100|[from] Stealth Rock\n|-activate|p2a: Kingambit|ability: Supreme Overlord\n|-start|p2a: Kingambit|fallen4|[silent]\n|turn|21\n|-message|scoopee_banoopee forfeited.\n|\n|win|endisticlovesrain\n|raw|endisticlovesrain's rating: 1392 &rarr; <strong>1412</strong><br />(+20 for winning)\n|raw|scoopee_banoopee's rating: 1391 &rarr; <strong>1371</strong><br />(-20 for losing)\n|l|\u2606scoopee_banoopee\n|player|p2|\n", "uploadtime": 1788289895, "views": "0", "formatid": "gen9ou", "rating": 1371, "private": 0, "password": null}