{"id": "gen9ou-2673862113", "format": "[Gen 9] OU", "players": ["playshowhound", "lesbianmaxie"], "log": "|j|\u2606playshowhound\n|j|\u2606lesbianmaxie\n|t:|1788269991\n|gametype|singles\n|player|p1|playshowhound|101|1522\n|player|p2|lesbianmaxie|maxie-gen3|1560\n|gen|9\n|tier|[Gen 9] OU\n|rated|\n|rule|HP Percentage Mod: HP is shown in percentages\n|rule|Endless Battle Clause: Forcing endless battles is banned\n|rule|Species Clause: Limit one of each Pok\u00e9mon\n|rule|OHKO Clause: OHKO moves are banned\n|rule|Evasion Items Clause: Evasion items are banned\n|rule|Evasion Moves Clause: Evasion moves are banned\n|rule|Evasion Abilities Clause: Evasion abilities are banned\n|rule|Sleep Moves Clause: Sleep-inducing moves are banned\n|clearpoke\n|poke|p1|Ogerpon, F|\n|poke|p1|Great Tusk|\n|poke|p1|Samurott-Hisui, F|\n|poke|p1|Dragapult, F|\n|poke|p1|Slowking-Galar, F|\n|poke|p1|Hatterene, F|\n|poke|p2|Great Tusk|\n|poke|p2|Moltres|\n|poke|p2|Ogerpon, F|\n|poke|p2|Darkrai|\n|poke|p2|Gholdengo|\n|poke|p2|Goodra-Hisui, M|\n|teampreview\n|inactive|Battle timer is ON: inactive players will automatically lose when time's up. (requested by lesbianmaxie)\n|\n|t:|1788270015\n|teamsize|p1|6\n|teamsize|p2|6\n|start\n|switch|p1a: Dragapult|Dragapult, F|100/100\n|switch|p2a: Jim Carrey|Ogerpon, F|100/100\n|turn|1\n|\n|t:|1788270031\n|switch|p1a: Hatterene|Hatterene, F|100/100\n|switch|p2a: Bird up|Moltres|100/100\n|\n|upkeep\n|turn|2\n|\n|t:|1788270040\n|move|p2a: Bird up|U-turn|p1a: Hatterene\n|-damage|p1a: Hatterene|89/100\n|-damage|p2a: Bird up|84/100|[from] item: Rocky Helmet|[of] p1a: Hatterene\n|\n|t:|1788270055\n|switch|p2a: Goobra|Goodra-Hisui, M|100/100|[from] U-turn\n|move|p1a: Hatterene|Nuzzle|p2a: Goobra\n|-resisted|p2a: Goobra\n|-damage|p2a: Goobra|99/100\n|-status|p2a: Goobra|par\n|\n|upkeep\n|turn|3\n|\n|t:|1788270063\n|switch|p1a: Slowking|Slowking-Galar, F|100/100\n|move|p2a: Goobra|Flash Cannon|p1a: Slowking\n|-crit|p1a: Slowking\n|-damage|p1a: Slowking|65/100\n|\n|upkeep\n|turn|4\n|\n|t:|1788270078\n|switch|p2a: Address Me.|Great Tusk|100/100\n|-prepare|p1a: Slowking|Chilly Reception|[premajor]\n|move|p1a: Slowking|Chilly Reception|p1a: Slowking\n|-weather|Snowscape\n|\n|t:|1788270083\n|switch|p1a: Great Tusk|Great Tusk|100/100|[from] Chilly Reception\n|\n|-weather|Snowscape|[upkeep]\n|upkeep\n|turn|5\n|\n|t:|1788270087\n|move|p2a: Address Me.|Stealth Rock|p1a: Great Tusk\n|-sidestart|p1: playshowhound|move: Stealth Rock\n|move|p1a: Great Tusk|Headlong Rush|p2a: Address Me.\n|-damage|p2a: Address Me.|62/100\n|-unboost|p1a: Great Tusk|def|1\n|-unboost|p1a: Great Tusk|spd|1\n|\n|-weather|Snowscape|[upkeep]\n|upkeep\n|turn|6\n|\n|t:|1788270095\n|move|p2a: Address Me.|Ice Spinner|p1a: Great Tusk\n|-supereffective|p1a: Great Tusk\n|-damage|p1a: Great Tusk|56/100\n|move|p1a: Great Tusk|Ice Spinner|p2a: Address Me.\n|-supereffective|p2a: Address Me.\n|-damage|p2a: Address Me.|29/100\n|\n|-weather|Snowscape|[upkeep]\n|-heal|p1a: Great Tusk|62/100|[from] item: Leftovers\n|upkeep\n|turn|7\n|\n|t:|1788270104\n|-end|p2a: Address Me.|Protosynthesis|[silent]\n|switch|p2a: Bird up|Moltres|84/100\n|move|p1a: Great Tusk|Stealth Rock|p2a: Bird up\n|-sidestart|p2: lesbianmaxie|move: Stealth Rock\n|\n|-weather|Snowscape|[upkeep]\n|-heal|p1a: Great Tusk|69/100|[from] item: Leftovers\n|upkeep\n|turn|8\n|\n|t:|1788270110\n|-end|p1a: Great Tusk|Protosynthesis|[silent]\n|switch|p1a: Slowking|Slowking-Galar, F|98/100\n|move|p2a: Bird up|Flamethrower|p1a: Slowking\n|-crit|p1a: Slowking\n|-damage|p1a: Slowking|66/100\n|\n|-weather|none\n|upkeep\n|turn|9\n|\n|t:|1788270119\n|-prepare|p1a: Slowking|Chilly Reception|[premajor]\n|move|p1a: Slowking|Chilly Reception|p1a: Slowking\n|-weather|Snowscape\n|\n|t:|1788270124\n|switch|p1a: Dragapult|Dragapult, F|100/100|[from] Chilly Reception\n|move|p2a: Bird up|Roar|p1a: Dragapult\n|drag|p1a: Great Tusk|Great Tusk|69/100\n|-damage|p1a: Great Tusk|66/100|[from] Stealth Rock\n|\n|-weather|Snowscape|[upkeep]\n|-heal|p1a: Great Tusk|72/100|[from] item: Leftovers\n|upkeep\n|turn|10\n|\n|t:|1788270137\n|-end|p1a: Great Tusk|Protosynthesis|[silent]\n|switch|p1a: Hatterene|Hatterene, F|89/100\n|-damage|p1a: Hatterene|77/100|[from] Stealth Rock\n|move|p2a: Bird up|U-turn|p1a: Hatterene\n|-damage|p1a: Hatterene|65/100\n|-damage|p2a: Bird up|68/100|[from] item: Rocky Helmet|[of] p1a: Hatterene\n|\n|t:|1788270164\n|switch|p2a: Dark Matter|Darkrai|100/100|[from] U-turn\n|-damage|p2a: Dark Matter|88/100|[from] Stealth Rock\n|\n|-weather|Snowscape|[upkeep]\n|upkeep\n|turn|11\n|\n|t:|1788270174\n|move|p2a: Dark Matter|Dark Pulse|p1a: Hatterene\n|-damage|p1a: Hatterene|0 fnt\n|faint|p1a: Hatterene\n|\n|-weather|Snowscape|[upkeep]\n|upkeep\n|\n|t:|1788270179\n|switch|p1a: Samurott|Samurott-Hisui, F|100/100\n|turn|12\n|inactive|lesbianmaxie has 120 seconds left.\n|\n|t:|1788270200\n|switch|p2a: Bird up|Moltres|68/100\n|move|p1a: Samurott|Ceaseless Edge|p2a: Bird up\n|-damage|p2a: Bird up|37/100\n|-sidestart|p2: lesbianmaxie|Spikes\n|\n|-weather|Snowscape|[upkeep]\n|upkeep\n|turn|13\n|inactive|lesbianmaxie has 120 seconds left.\n|\n|t:|1788270214\n|move|p1a: Samurott|Aqua Cutter|p2a: Bird up\n|-supereffective|p2a: Bird up\n|-damage|p2a: Bird up|0 fnt\n|faint|p2a: Bird up\n|\n|-weather|none\n|upkeep\n|inactive|lesbianmaxie has 120 seconds left.\n|\n|t:|1788270219\n|switch|p2a: Jim Carrey|Ogerpon, F|100/100\n|turn|14\n|inactive|lesbianmaxie has 120 seconds left.\n|\n|t:|1788270237\n|switch|p1a: Dragapult|Dragapult, F|100/100\n|move|p2a: Jim Carrey|Spikes|p1a: Dragapult\n|-sidestart|p1: playshowhound|Spikes\n|\n|upkeep\n|turn|15\n|inactive|lesbianmaxie has 120 seconds left.\n|\n|t:|1788270252\n|move|p1a: Dragapult|Will-O-Wisp|p2a: Jim Carrey\n|-status|p2a: Jim Carrey|brn\n|move|p2a: Jim Carrey|Knock Off|p1a: Dragapult\n|-supereffective|p1a: Dragapult\n|-damage|p1a: Dragapult|57/100\n|-enditem|p1a: Dragapult|Heavy-Duty Boots|[from] move: Knock Off|[of] p2a: Jim Carrey\n|\n|-damage|p2a: Jim Carrey|95/100 brn|[from] brn\n|upkeep\n|turn|16\n|inactive|lesbianmaxie has 120 seconds left.\n|\n|t:|1788270262\n|move|p1a: Dragapult|Hex|p2a: Jim Carrey\n|-damage|p2a: Jim Carrey|31/100 brn\n|move|p2a: Jim Carrey|Spikes|p1a: Dragapult\n|-sidestart|p1: playshowhound|Spikes\n|\n|-damage|p2a: Jim Carrey|25/100 brn|[from] brn\n|upkeep\n|turn|17\n|\n|t:|1788270271\n|switch|p2a: Goobra|Goodra-Hisui, M|99/100 par\n|-damage|p2a: Goobra|93/100 par|[from] Stealth Rock\n|-damage|p2a: Goobra|80/100 par|[from] Spikes\n|move|p1a: Dragapult|Hex|p2a: Goobra\n|-damage|p2a: Goobra|54/100 par\n|\n|upkeep\n|turn|18\n|\n|t:|1788270280\n|move|p1a: Dragapult|U-turn|p2a: Goobra\n|-resisted|p2a: Goobra\n|-damage|p2a: Goobra|46/100 par\n|\n|t:|1788270282\n|switch|p1a: Slowking|Slowking-Galar, F|99/100|[from] U-turn\n|move|p2a: Goobra|Flash Cannon|p1a: Slowking\n|-damage|p1a: Slowking|76/100\n|\n|upkeep\n|turn|19\n|\n|t:|1788270288\n|move|p2a: Goobra|Knock Off|p1a: Slowking\n|-supereffective|p1a: Slowking\n|-damage|p1a: Slowking|30/100\n|-enditem|p1a: Slowking|Heavy-Duty Boots|[from] move: Knock Off|[of] p2a: Goobra\n|move|p1a: Slowking|Future Sight|p2a: Goobra\n|-start|p1a: Slowking|move: Future Sight\n|\n|upkeep\n|turn|20\n|\n|t:|1788270297\n|switch|p1a: Great Tusk|Great Tusk|72/100\n|-damage|p1a: Great Tusk|69/100|[from] Stealth Rock\n|-damage|p1a: Great Tusk|52/100|[from] Spikes\n|move|p2a: Goobra|Dragon Tail|p1a: Great Tusk\n|-damage|p1a: Great Tusk|43/100\n|-end|p1a: Great Tusk|Protosynthesis|[silent]\n|drag|p1a: Dragapult|Dragapult, F|57/100\n|-damage|p1a: Dragapult|45/100|[from] Stealth Rock\n|-damage|p1a: Dragapult|28/100|[from] Spikes\n|\n|upkeep\n|turn|21\n|\n|t:|1788270317\n|move|p1a: Dragapult|Hex|p2a: Goobra\n|-damage|p2a: Goobra|20/100 par\n|move|p2a: Goobra|Dragon Tail|p1a: Dragapult\n|-supereffective|p1a: Dragapult\n|-damage|p1a: Dragapult|0 fnt\n|faint|p1a: Dragapult\n|\n|-end|p2a: Goobra|move: Future Sight\n|-resisted|p2a: Goobra\n|-damage|p2a: Goobra|10/100 par\n|upkeep\n|\n|t:|1788270320\n|switch|p1a: Great Tusk|Great Tusk|43/100\n|-damage|p1a: Great Tusk|40/100|[from] Stealth Rock\n|-damage|p1a: Great Tusk|24/100|[from] Spikes\n|turn|22\n|\n|t:|1788270331\n|switch|p2a: My Jarona!|Gholdengo|100/100\n|-damage|p2a: My Jarona!|94/100|[from] Stealth Rock\n|-item|p2a: My Jarona!|Air Balloon\n|move|p1a: Great Tusk|Ice Spinner|p2a: My Jarona!\n|-resisted|p2a: My Jarona!\n|-damage|p2a: My Jarona!|86/100\n|-enditem|p2a: My Jarona!|Air Balloon\n|\n|-heal|p1a: Great Tusk|30/100|[from] item: Leftovers\n|upkeep\n|turn|23\n|\n|t:|1788270355\n|-end|p1a: Great Tusk|Protosynthesis|[silent]\n|switch|p1a: Samurott|Samurott-Hisui, F|100/100\n|switch|p2a: Goobra|Goodra-Hisui, M|10/100 par\n|-damage|p2a: Goobra|4/100 par|[from] Stealth Rock\n|-damage|p2a: Goobra|0 fnt|[from] Spikes\n|faint|p2a: Goobra\n|\n|upkeep\n|inactive|lesbianmaxie has 120 seconds left.\n|\n|t:|1788270374\n|switch|p2a: Jim Carrey|Ogerpon, F|25/100 brn\n|turn|24\n|\n|t:|1788270378\n|move|p1a: Samurott|Sucker Punch|p2a: Jim Carrey\n|-damage|p2a: Jim Carrey|0 fnt\n|faint|p2a: Jim Carrey\n|\n|upkeep\n|inactive|lesbianmaxie has 120 seconds left.\n|\n|t:|1788270394\n|switch|p2a: My Jarona!|Gholdengo|86/100\n|-damage|p2a: My Jarona!|80/100|[from] Stealth Rock\n|-damage|p2a: My Jarona!|68/100|[from] Spikes\n|turn|25\n|\n|t:|1788270400\n|-terastallize|p2a: My Jarona!|Fairy\n|move|p1a: Samurott|Aqua Cutter|p2a: My Jarona!\n|-damage|p2a: My Jarona!|36/100\n|move|p2a: My Jarona!|Nasty Plot|p2a: My Jarona!\n|-boost|p2a: My Jarona!|spa|2\n|\n|upkeep\n|turn|26\n|\n|t:|1788270409\n|move|p1a: Samurott|Aqua Cutter|p2a: My Jarona!\n|-crit|p2a: My Jarona!\n|-damage|p2a: My Jarona!|0 fnt\n|faint|p2a: My Jarona!\n|\n|upkeep\n|-message|lesbianmaxie forfeited.\n|\n|win|playshowhound\n|raw|playshowhound's rating: 1522 &rarr; <strong>1544</strong><br />(+22 for winning)\n|raw|lesbianmaxie's rating: 1560 &rarr; <strong>1538</strong><br />(-22 for losing)\n|l|\u2606lesbianmaxie\n|player|p2|\n|l|\u2606playshowhound\n|player|p1|\n", "uploadtime": 1788270669, "views": "0", "formatid": "gen9ou", "rating": 1538, "private": 0, "password": null}