{"id": "gen9ou-2674006533", "format": "[Gen 9] OU", "players": ["flyingnematode", "salmoncashew"], "log": "|j|\u2606flyingnematode\n|j|\u2606salmoncashew\n|t:|1788287411\n|gametype|singles\n|player|p1|flyingnematode|102|1382\n|player|p2|salmoncashew|caitlin|1468\n|gen|9\n|tier|[Gen 9] OU\n|rated|\n|rule|HP Percentage Mod: HP is shown in percentages\n|rule|Endless Battle Clause: Forcing endless battles is banned\n|rule|Species Clause: Limit one of each Pok\u00e9mon\n|rule|OHKO Clause: OHKO moves are banned\n|rule|Evasion Items Clause: Evasion items are banned\n|rule|Evasion Moves Clause: Evasion moves are banned\n|rule|Evasion Abilities Clause: Evasion abilities are banned\n|rule|Sleep Moves Clause: Sleep-inducing moves are banned\n|clearpoke\n|poke|p1|Latias, F|\n|poke|p1|Grimmsnarl, M|\n|poke|p1|Cinderace, M|\n|poke|p1|Ceruledge, M|\n|poke|p1|Quagsire, M|\n|poke|p1|Blaziken, F|\n|poke|p2|Landorus-Therian, M|\n|poke|p2|Weezing-Galar, M|\n|poke|p2|Ogerpon-Wellspring, F|\n|poke|p2|Alomomola, M|\n|poke|p2|Goodra, M|\n|poke|p2|Meowscarada, M|\n|teampreview\n|inactive|Battle timer is ON: inactive players will automatically lose when time's up. (requested by salmoncashew)\n|\n|t:|1788287422\n|teamsize|p1|6\n|teamsize|p2|6\n|start\n|switch|p1a: Grimmsnarl|Grimmsnarl, M|100/100\n|switch|p2a: Meowscarada|Meowscarada, M|100/100\n|turn|1\n|\n|t:|1788287431\n|move|p1a: Grimmsnarl|Reflect|p1a: Grimmsnarl\n|-sidestart|p1: flyingnematode|Reflect\n|move|p2a: Meowscarada|Knock Off|p1a: Grimmsnarl\n|-start|p2a: Meowscarada|typechange|Dark|[from] ability: Protean\n|-resisted|p1a: Grimmsnarl\n|-damage|p1a: Grimmsnarl|91/100\n|-enditem|p1a: Grimmsnarl|Light Clay|[from] move: Knock Off|[of] p2a: Meowscarada\n|\n|upkeep\n|turn|2\n|\n|t:|1788287440\n|switch|p2a: Landorus|Landorus-Therian, M|100/100\n|-ability|p2a: Landorus|Intimidate|boost\n|-unboost|p1a: Grimmsnarl|atk|1\n|switch|p1a: Cinderace|Cinderace, M|100/100\n|\n|upkeep\n|turn|3\n|\n|t:|1788287448\n|move|p1a: Cinderace|Will-O-Wisp|p2a: Landorus\n|-status|p2a: Landorus|brn\n|move|p2a: Landorus|Earth Power|p1a: Cinderace\n|-supereffective|p1a: Cinderace\n|-damage|p1a: Cinderace|0 fnt\n|faint|p1a: Cinderace\n|\n|-damage|p2a: Landorus|94/100 brn|[from] brn\n|upkeep\n|\n|t:|1788287459\n|switch|p1a: Latias|Latias, F, shiny|100/100\n|turn|4\n|\n|t:|1788287463\n|move|p2a: Landorus|U-turn|p1a: Latias\n|-supereffective|p1a: Latias\n|-damage|p1a: Latias|94/100\n|\n|t:|1788287466\n|switch|p2a: Weezing|Weezing-Galar, M|100/100|[from] U-turn\n|-ability|p2a: Weezing|Neutralizing Gas\n|move|p1a: Latias|Agility|p1a: Latias\n|-boost|p1a: Latias|spe|2\n|\n|-heal|p1a: Latias|99/100|[from] item: Leftovers\n|upkeep\n|turn|5\n|\n|t:|1788287480\n|move|p1a: Latias|Calm Mind|p1a: Latias\n|-boost|p1a: Latias|spa|1\n|-boost|p1a: Latias|spd|1\n|move|p2a: Weezing|Strange Steam|p1a: Latias\n|-supereffective|p1a: Latias\n|-damage|p1a: Latias|71/100\n|-start|p1a: Latias|confusion\n|\n|-heal|p1a: Latias|77/100|[from] item: Leftovers\n|upkeep\n|turn|6\n|inactive|salmoncashew has 120 seconds left.\n|\n|t:|1788287533\n|-end|p2a: Weezing|ability: Neutralizing Gas\n|switch|p2a: Landorus|Landorus-Therian, M|94/100 brn\n|-ability|p2a: Landorus|Intimidate|boost\n|-unboost|p1a: Latias|atk|1\n|-activate|p1a: Latias|confusion\n|-damage|p1a: Latias|75/100|[from] confusion\n|\n|-heal|p1a: Latias|81/100|[from] item: Leftovers\n|-damage|p2a: Landorus|88/100 brn|[from] brn\n|upkeep\n|turn|7\n|\n|t:|1788287546\n|-activate|p1a: Latias|confusion\n|move|p1a: Latias|Stored Power|p2a: Landorus\n|-damage|p2a: Landorus|26/100 brn\n|move|p2a: Landorus|Taunt|p1a: Latias\n|-start|p1a: Latias|move: Taunt\n|\n|-heal|p1a: Latias|87/100|[from] item: Leftovers\n|-damage|p2a: Landorus|20/100 brn|[from] brn\n|upkeep\n|turn|8\n|\n|t:|1788287558\n|-end|p1a: Latias|confusion\n|move|p1a: Latias|Draining Kiss|p2a: Landorus\n|-damage|p2a: Landorus|0 fnt\n|-heal|p1a: Latias|100/100|[from] drain|[of] p2a: Landorus\n|-damage|p1a: Latias|84/100|[from] item: Rocky Helmet|[of] p2a: Landorus\n|faint|p2a: Landorus\n|\n|-heal|p1a: Latias|90/100|[from] item: Leftovers\n|-sideend|p1: flyingnematode|Reflect\n|upkeep\n|\n|t:|1788287568\n|switch|p2a: Goodra|Goodra, M|100/100\n|turn|9\n|\n|t:|1788287574\n|-terastallize|p1a: Latias|Fairy\n|move|p1a: Latias|Draining Kiss|p2a: Goodra\n|-supereffective|p2a: Goodra\n|-damage|p2a: Goodra|56/100\n|-heal|p1a: Latias|100/100|[from] drain|[of] p2a: Goodra\n|-ability|p2a: Goodra|Gooey\n|-unboost|p1a: Latias|spe|1\n|move|p2a: Goodra|Draco Meteor|p1a: Latias\n|-immune|p1a: Latias\n|\n|upkeep\n|turn|10\n|\n|t:|1788287588\n|switch|p2a: Weezing|Weezing-Galar, M|100/100\n|-ability|p2a: Weezing|Neutralizing Gas\n|move|p1a: Latias|Stored Power|p2a: Weezing\n|-supereffective|p2a: Weezing\n|-damage|p2a: Weezing|12/100\n|\n|-heal|p2a: Weezing|18/100|[from] item: Leftovers\n|-end|p1a: Latias|move: Taunt\n|upkeep\n|turn|11\n|\n|t:|1788287601\n|move|p1a: Latias|Calm Mind|p1a: Latias\n|-boost|p1a: Latias|spa|1\n|-boost|p1a: Latias|spd|1\n|move|p2a: Weezing|Sludge Bomb|p1a: Latias\n|-supereffective|p1a: Latias\n|-damage|p1a: Latias|79/100\n|\n|-heal|p1a: Latias|85/100|[from] item: Leftovers\n|-heal|p2a: Weezing|24/100|[from] item: Leftovers\n|upkeep\n|turn|12\n|\n|t:|1788287611\n|move|p1a: Latias|Agility|p1a: Latias\n|-boost|p1a: Latias|spe|2\n|move|p2a: Weezing|Sludge Bomb|p1a: Latias\n|-supereffective|p1a: Latias\n|-damage|p1a: Latias|66/100\n|\n|-heal|p1a: Latias|72/100|[from] item: Leftovers\n|-heal|p2a: Weezing|30/100|[from] item: Leftovers\n|upkeep\n|turn|13\n|\n|t:|1788287620\n|move|p1a: Latias|Stored Power|p2a: Weezing\n|-supereffective|p2a: Weezing\n|-damage|p2a: Weezing|0 fnt\n|faint|p2a: Weezing\n|-end|p2a: Weezing|ability: Neutralizing Gas\n|\n|-heal|p1a: Latias|79/100|[from] item: Leftovers\n|upkeep\n|\n|t:|1788287624\n|switch|p2a: Meowscarada|Meowscarada, M|100/100\n|turn|14\n|\n|t:|1788287630\n|-terastallize|p2a: Meowscarada|Grass\n|move|p1a: Latias|Draining Kiss|p2a: Meowscarada\n|-damage|p2a: Meowscarada|36/100\n|-heal|p1a: Latias|100/100|[from] drain|[of] p2a: Meowscarada\n|move|p2a: Meowscarada|Flower Trick|p1a: Latias\n|-crit|p1a: Latias\n|-damage|p1a: Latias|33/100\n|\n|-heal|p1a: Latias|39/100|[from] item: Leftovers\n|upkeep\n|turn|15\n|\n|t:|1788287643\n|switch|p2a: Goodra|Goodra, M|56/100\n|move|p1a: Latias|Draining Kiss|p2a: Goodra\n|-supereffective|p2a: Goodra\n|-damage|p2a: Goodra|0 fnt\n|-heal|p1a: Latias|75/100|[from] drain|[of] p2a: Goodra\n|-ability|p2a: Goodra|Gooey\n|-unboost|p1a: Latias|spe|1\n|faint|p2a: Goodra\n|\n|-heal|p1a: Latias|82/100|[from] item: Leftovers\n|upkeep\n|-message|salmoncashew forfeited.\n|\n|win|flyingnematode\n|raw|flyingnematode's rating: 1382 &rarr; <strong>1407</strong><br />(+25 for winning)\n|raw|salmoncashew's rating: 1468 &rarr; <strong>1443</strong><br />(-25 for losing)\n|l|\u2606salmoncashew\n|player|p2|\n|l|\u2606flyingnematode\n|player|p1|\n", "uploadtime": 1788287788, "views": "0", "formatid": "gen9ou", "rating": 1407, "private": 0, "password": null}