{"id": "gen9ou-2673879802", "format": "[Gen 9] OU", "players": ["omenkiller_rollo", "anamchara"], "log": "|j|\u2606omenkiller_rollo\n|j|\u2606anamchara\n|t:|1788272296\n|gametype|singles\n|player|p1|omenkiller_rollo|skier|1424\n|player|p2|anamchara|101|1438\n|gen|9\n|tier|[Gen 9] OU\n|rated|\n|rule|HP Percentage Mod: HP is shown in percentages\n|rule|Endless Battle Clause: Forcing endless battles is banned\n|rule|Species Clause: Limit one of each Pok\u00e9mon\n|rule|OHKO Clause: OHKO moves are banned\n|rule|Evasion Items Clause: Evasion items are banned\n|rule|Evasion Moves Clause: Evasion moves are banned\n|rule|Evasion Abilities Clause: Evasion abilities are banned\n|rule|Sleep Moves Clause: Sleep-inducing moves are banned\n|clearpoke\n|poke|p1|Cinderace, F|\n|poke|p1|Great Tusk|\n|poke|p1|Empoleon, F|\n|poke|p1|Weezing-Galar, F|\n|poke|p1|Jolteon, M|\n|poke|p1|Hydrapple, F|\n|poke|p2|Raging Bolt|\n|poke|p2|Glimmora, M|\n|poke|p2|Skeledirge, F|\n|poke|p2|Meowscarada, F|\n|poke|p2|Samurott-Hisui, F|\n|poke|p2|Dragapult, F|\n|teampreview\n|inactive|Battle timer is ON: inactive players will automatically lose when time's up. (requested by omenkiller_rollo)\n|inactive|omenkiller_rollo has 120 seconds left.\n|\n|t:|1788272332\n|teamsize|p1|6\n|teamsize|p2|6\n|start\n|switch|p1a: Jolteon|Jolteon, M|100/100\n|switch|p2a: Meowscarada|Meowscarada, F|100/100\n|turn|1\n|inactive|anamchara has 120 seconds left.\n|\n|t:|1788272370\n|switch|p1a: Weezing|Weezing-Galar, F|100/100\n|-ability|p1a: Weezing|Neutralizing Gas\n|move|p2a: Meowscarada|U-turn|p1a: Weezing\n|-resisted|p1a: Weezing\n|-damage|p1a: Weezing|97/100\n|\n|t:|1788272372\n|switch|p2a: Glimmora|Glimmora, M|100/100|[from] U-turn\n|\n|-heal|p1a: Weezing|100/100|[from] item: Leftovers\n|upkeep\n|turn|2\n|\n|t:|1788272382\n|-end|p1a: Weezing|ability: Neutralizing Gas\n|switch|p1a: Great Tusk|Great Tusk|100/100\n|move|p2a: Glimmora|Power Gem|p1a: Great Tusk\n|-resisted|p1a: Great Tusk\n|-damage|p1a: Great Tusk|78/100\n|-damage|p2a: Glimmora|91/100|[from] item: Life Orb\n|\n|upkeep\n|turn|3\n|\n|t:|1788272398\n|-terastallize|p2a: Glimmora|Grass\n|move|p1a: Great Tusk|Stealth Rock|p2a: Glimmora\n|-sidestart|p2: anamchara|move: Stealth Rock\n|move|p2a: Glimmora|Energy Ball|p1a: Great Tusk\n|-supereffective|p1a: Great Tusk\n|-damage|p1a: Great Tusk|0 fnt\n|faint|p1a: Great Tusk\n|-end|p1a: Great Tusk|Protosynthesis|[silent]\n|-damage|p2a: Glimmora|81/100|[from] item: Life Orb\n|\n|upkeep\n|\n|t:|1788272405\n|switch|p1a: Cinderace|Cinderace, F|100/100\n|turn|4\n|\n|t:|1788272408\n|move|p1a: Cinderace|Pyro Ball|p2a: Glimmora\n|-supereffective|p2a: Glimmora\n|-damage|p2a: Glimmora|0 fnt\n|-activate|p2a: Glimmora|ability: Toxic Debris\n|-sidestart|p1: omenkiller_rollo|move: Toxic Spikes\n|faint|p2a: Glimmora\n|\n|upkeep\n|\n|t:|1788272412\n|switch|p2a: Raging Bolt|Raging Bolt|100/100\n|-damage|p2a: Raging Bolt|88/100|[from] Stealth Rock\n|turn|5\n|\n|t:|1788272425\n|switch|p1a: Weezing|Weezing-Galar, F|100/100\n|-ability|p1a: Weezing|Neutralizing Gas\n|-sideend|p1: omenkiller_rollo|move: Toxic Spikes|[of] p1a: Weezing\n|move|p2a: Raging Bolt|Dragon Pulse|p1a: Weezing\n|-immune|p1a: Weezing\n|\n|upkeep\n|turn|6\n|\n|t:|1788272434\n|-end|p1a: Weezing|ability: Neutralizing Gas\n|switch|p1a: Jolteon|Jolteon, M|100/100\n|move|p2a: Raging Bolt|Thunderbolt|p1a: Jolteon\n|-immune|p1a: Jolteon|[from] ability: Volt Absorb\n|\n|upkeep\n|turn|7\n|\n|t:|1788272451\n|-terastallize|p1a: Jolteon|Fairy\n|move|p1a: Jolteon|Alluring Voice|p2a: Raging Bolt\n|-supereffective|p2a: Raging Bolt\n|-damage|p2a: Raging Bolt|22/100\n|move|p2a: Raging Bolt|Dragon Pulse|p1a: Jolteon\n|-immune|p1a: Jolteon\n|\n|upkeep\n|turn|8\n|\n|t:|1788272462\n|-end|p2a: Raging Bolt|Protosynthesis|[silent]\n|switch|p2a: Skeledirge|Skeledirge, F|100/100\n|move|p1a: Jolteon|Alluring Voice|p2a: Skeledirge\n|-resisted|p2a: Skeledirge\n|-damage|p2a: Skeledirge|82/100\n|\n|upkeep\n|turn|9\n|\n|t:|1788272471\n|move|p1a: Jolteon|Volt Switch|p2a: Skeledirge\n|-damage|p2a: Skeledirge|52/100\n|inactive|omenkiller_rollo has 120 seconds left.\n|\n|t:|1788272506\n|switch|p1a: Empoleon|Empoleon, F|100/100|[from] Volt Switch\n|move|p2a: Skeledirge|Will-O-Wisp|p1a: Empoleon\n|-status|p1a: Empoleon|brn\n|\n|-damage|p1a: Empoleon|94/100 brn|[from] brn\n|upkeep\n|turn|10\n|\n|t:|1788272510\n|move|p2a: Skeledirge|Hex|p1a: Empoleon\n|-damage|p1a: Empoleon|64/100 brn\n|move|p1a: Empoleon|Knock Off|p2a: Skeledirge\n|-supereffective|p2a: Skeledirge\n|-damage|p2a: Skeledirge|38/100\n|-enditem|p2a: Skeledirge|Heavy-Duty Boots|[from] move: Knock Off|[of] p1a: Empoleon\n|\n|-heal|p1a: Empoleon|70/100 brn|[from] item: Leftovers\n|-damage|p1a: Empoleon|64/100 brn|[from] brn\n|upkeep\n|turn|11\n|inactive|omenkiller_rollo has 120 seconds left.\n|\n|t:|1788272544\n|move|p2a: Skeledirge|Slack Off|p2a: Skeledirge\n|-heal|p2a: Skeledirge|88/100\n|move|p1a: Empoleon|Hydro Pump|p2a: Skeledirge\n|-supereffective|p2a: Skeledirge\n|-damage|p2a: Skeledirge|4/100\n|\n|-heal|p1a: Empoleon|70/100 brn|[from] item: Leftovers\n|-damage|p1a: Empoleon|64/100 brn|[from] brn\n|upkeep\n|turn|12\n|inactive|anamchara has 120 seconds left.\n|\n|t:|1788272600\n|switch|p2a: Samurott|Samurott-Hisui, F|100/100\n|-damage|p2a: Samurott|88/100|[from] Stealth Rock\n|move|p1a: Empoleon|Flip Turn|p2a: Samurott\n|-resisted|p2a: Samurott\n|-damage|p2a: Samurott|84/100\n|\n|t:|1788272613\n|switch|p1a: Weezing|Weezing-Galar, F|100/100|[from] Flip Turn\n|-ability|p1a: Weezing|Neutralizing Gas\n|\n|upkeep\n|turn|13\n|inactive|anamchara has 90 seconds left.\n|inactive|anamchara has 60 seconds left.\n|\n|t:|1788272665\n|move|p2a: Samurott|Flip Turn|p1a: Weezing\n|-damage|p1a: Weezing|81/100\n|inactive|anamchara has 60 seconds left.\n|\n|t:|1788272673\n|switch|p2a: Raging Bolt|Raging Bolt|22/100|[from] Flip Turn\n|-damage|p2a: Raging Bolt|10/100|[from] Stealth Rock\n|move|p1a: Weezing|Sludge Bomb|p2a: Raging Bolt\n|-damage|p2a: Raging Bolt|0 fnt\n|faint|p2a: Raging Bolt\n|-end|p2a: Raging Bolt|Protosynthesis|[silent]\n|\n|-heal|p1a: Weezing|87/100|[from] item: Leftovers\n|upkeep\n|\n|t:|1788272675\n|switch|p2a: Dragapult|Dragapult, F|100/100\n|-damage|p2a: Dragapult|88/100|[from] Stealth Rock\n|turn|14\n|inactive|omenkiller_rollo has 120 seconds left.\n|\n|t:|1788272704\n|-end|p1a: Weezing|ability: Neutralizing Gas\n|switch|p1a: Empoleon|Empoleon, F|64/100 brn\n|move|p2a: Dragapult|Shadow Ball|p1a: Empoleon\n|-damage|p1a: Empoleon|30/100 brn\n|\n|-heal|p1a: Empoleon|37/100 brn|[from] item: Leftovers\n|-damage|p1a: Empoleon|30/100 brn|[from] brn\n|upkeep\n|turn|15\n|inactive|omenkiller_rollo has 120 seconds left.\n|inactive|omenkiller_rollo has 90 seconds left.\n|\n|t:|1788272740\n|move|p2a: Dragapult|Shadow Ball|p1a: Empoleon\n|-damage|p1a: Empoleon|0 fnt\n|faint|p1a: Empoleon\n|\n|upkeep\n|inactive|omenkiller_rollo has 90 seconds left.\n|\n|t:|1788272755\n|switch|p1a: Hydrapple|Hydrapple, F|100/100\n|turn|16\n|inactive|omenkiller_rollo has 90 seconds left.\n|\n|t:|1788272761\n|switch|p2a: Skeledirge|Skeledirge, F|4/100\n|-damage|p2a: Skeledirge|0 fnt|[from] Stealth Rock\n|faint|p2a: Skeledirge\n|switch|p1a: Weezing|Weezing-Galar, F|87/100\n|-ability|p1a: Weezing|Neutralizing Gas\n|\n|-heal|p1a: Weezing|93/100|[from] item: Leftovers\n|upkeep\n|\n|t:|1788272768\n|switch|p2a: Dragapult|Dragapult, F|88/100\n|-damage|p2a: Dragapult|76/100|[from] Stealth Rock\n|turn|17\n|inactive|omenkiller_rollo has 90 seconds left.\n|\n|t:|1788272793\n|move|p2a: Dragapult|Shadow Ball|p1a: Weezing\n|-damage|p1a: Weezing|24/100\n|move|p1a: Weezing|Sludge Bomb|p2a: Dragapult\n|-resisted|p2a: Dragapult\n|-damage|p2a: Dragapult|59/100\n|\n|-heal|p1a: Weezing|30/100|[from] item: Leftovers\n|upkeep\n|turn|18\n|\n|t:|1788272799\n|move|p2a: Dragapult|Shadow Ball|p1a: Weezing\n|-damage|p1a: Weezing|0 fnt\n|faint|p1a: Weezing\n|-end|p1a: Weezing|ability: Neutralizing Gas\n|\n|upkeep\n|\n|t:|1788272807\n|switch|p1a: Cinderace|Cinderace, F|100/100\n|turn|19\n|inactive|anamchara has 120 seconds left.\n|\n|t:|1788272826\n|move|p1a: Cinderace|Sucker Punch|p2a: Dragapult\n|-start|p1a: Cinderace|typechange|Dark|[from] ability: Libero\n|-supereffective|p2a: Dragapult\n|-damage|p2a: Dragapult|0 fnt\n|faint|p2a: Dragapult\n|\n|upkeep\n|\n|t:|1788272828\n|switch|p2a: Meowscarada|Meowscarada, F|100/100\n|-damage|p2a: Meowscarada|88/100|[from] Stealth Rock\n|turn|20\n|\n|t:|1788272840\n|switch|p1a: Hydrapple|Hydrapple, F|100/100\n|move|p2a: Meowscarada|U-turn|p1a: Hydrapple\n|-start|p2a: Meowscarada|typechange|Bug|[from] ability: Protean\n|-supereffective|p1a: Hydrapple\n|-damage|p1a: Hydrapple|48/100\n|\n|t:|1788272845\n|switch|p2a: Samurott|Samurott-Hisui, F|84/100|[from] U-turn\n|-damage|p2a: Samurott|71/100|[from] Stealth Rock\n|\n|upkeep\n|turn|21\n|inactive|omenkiller_rollo has 120 seconds left.\n|\n|t:|1788272852\n|move|p2a: Samurott|Ceaseless Edge|p1a: Hydrapple\n|-crit|p1a: Hydrapple\n|-damage|p1a: Hydrapple|0 fnt\n|-sidestart|p1: omenkiller_rollo|Spikes\n|faint|p1a: Hydrapple\n|\n|upkeep\n|inactive|omenkiller_rollo has 120 seconds left.\n|\n|t:|1788272863\n|switch|p1a: Cinderace|Cinderace, F|100/100\n|-damage|p1a: Cinderace|88/100|[from] Spikes\n|turn|22\n|\n|t:|1788272867\n|move|p1a: Cinderace|U-turn|p2a: Samurott\n|-start|p1a: Cinderace|typechange|Bug|[from] ability: Libero\n|-supereffective|p2a: Samurott\n|-damage|p2a: Samurott|0 fnt\n|faint|p2a: Samurott\n|\n|t:|1788272871\n|switch|p1a: Jolteon|Jolteon, M, tera:Fairy|100/100|[from] U-turn\n|\n|upkeep\n|\n|t:|1788272874\n|switch|p2a: Meowscarada|Meowscarada, F|88/100\n|-damage|p2a: Meowscarada|76/100|[from] Stealth Rock\n|turn|23\n|\n|t:|1788272878\n|move|p2a: Meowscarada|Triple Axel|p1a: Jolteon\n|-start|p2a: Meowscarada|typechange|Ice|[from] ability: Protean\n|-damage|p1a: Jolteon|84/100\n|-damage|p1a: Jolteon|51/100\n|-damage|p1a: Jolteon|0 fnt\n|faint|p1a: Jolteon\n|-hitcount|p1: Jolteon|3\n|\n|upkeep\n|\n|t:|1788272883\n|switch|p1a: Cinderace|Cinderace, F|88/100\n|-damage|p1a: Cinderace|76/100|[from] Spikes\n|turn|24\n|inactive|anamchara has 120 seconds left.\n|\n|t:|1788272923\n|move|p2a: Meowscarada|Triple Axel|p1a: Cinderace\n|-resisted|p1a: Cinderace\n|-damage|p1a: Cinderace|70/100\n|-resisted|p1a: Cinderace\n|-damage|p1a: Cinderace|56/100\n|-resisted|p1a: Cinderace\n|-damage|p1a: Cinderace|35/100\n|-hitcount|p1a: Cinderace|3\n|move|p1a: Cinderace|Pyro Ball|p2a: Meowscarada\n|-supereffective|p2a: Meowscarada\n|-damage|p2a: Meowscarada|0 fnt\n|faint|p2a: Meowscarada\n|\n|win|omenkiller_rollo\n|raw|omenkiller_rollo's rating: 1424 &rarr; <strong>1445</strong><br />(+21 for winning)\n|raw|anamchara's rating: 1434 &rarr; <strong>1413</strong><br />(-21 for losing)\n|l|\u2606anamchara\n|player|p2|\n|l|\u2606omenkiller_rollo\n|player|p1|\n", "uploadtime": 1788273112, "views": "0", "formatid": "gen9ou", "rating": 1413, "private": 0, "password": null}