{"id": "gen9ou-2674025402", "format": "[Gen 9] OU", "players": ["repete64", "hillbilly z"], "log": "|j|\u2606repete64\n|j|\u2606hillbilly z\n|t:|1788289655\n|gametype|singles\n|player|p1|repete64|1|1504\n|player|p2|hillbilly z|266|1544\n|gen|9\n|tier|[Gen 9] OU\n|rated|\n|rule|HP Percentage Mod: HP is shown in percentages\n|rule|Endless Battle Clause: Forcing endless battles is banned\n|rule|Species Clause: Limit one of each Pok\u00e9mon\n|rule|OHKO Clause: OHKO moves are banned\n|rule|Evasion Items Clause: Evasion items are banned\n|rule|Evasion Moves Clause: Evasion moves are banned\n|rule|Evasion Abilities Clause: Evasion abilities are banned\n|rule|Sleep Moves Clause: Sleep-inducing moves are banned\n|clearpoke\n|poke|p1|Ting-Lu|\n|poke|p1|Iron Treads|\n|poke|p1|Kingambit, F|\n|poke|p1|Sinistcha|\n|poke|p1|Kyurem|\n|poke|p1|Clefable, F|\n|poke|p2|Torkoal, F|\n|poke|p2|Scovillain, M|\n|poke|p2|Walking Wake|\n|poke|p2|Hatterene, F|\n|poke|p2|Great Tusk|\n|poke|p2|Ceruledge, F|\n|teampreview\n|\n|t:|1788289734\n|teamsize|p1|6\n|teamsize|p2|6\n|start\n|switch|p1a: Sinistcha|Sinistcha|100/100\n|switch|p2a: Torkoal|Torkoal, F|100/100\n|-weather|SunnyDay|[from] ability: Drought|[of] p2a: Torkoal\n|turn|1\n|inactive|Battle timer is ON: inactive players will automatically lose when time's up. (requested by hillbilly z)\n|\n|t:|1788289742\n|move|p1a: Sinistcha|Calm Mind|p1a: Sinistcha\n|-boost|p1a: Sinistcha|spa|1\n|-boost|p1a: Sinistcha|spd|1\n|move|p2a: Torkoal|Flamethrower|p1a: Sinistcha\n|-supereffective|p1a: Sinistcha\n|-damage|p1a: Sinistcha|55/100\n|\n|-weather|SunnyDay|[upkeep]\n|upkeep\n|turn|2\n|\n|t:|1788289753\n|move|p1a: Sinistcha|Shadow Ball|p2a: Torkoal\n|-damage|p2a: Torkoal|39/100\n|-unboost|p2a: Torkoal|spd|1\n|move|p2a: Torkoal|Clear Smog|p1a: Sinistcha\n|-damage|p1a: Sinistcha|44/100\n|-clearboost|p1a: Sinistcha\n|\n|-weather|SunnyDay|[upkeep]\n|upkeep\n|turn|3\n|\n|t:|1788289757\n|switch|p2a: Walking Wake|Walking Wake|100/100\n|-activate|p2a: Walking Wake|ability: Protosynthesis\n|-start|p2a: Walking Wake|protosynthesisspa\n|move|p1a: Sinistcha|Matcha Gotcha|p2a: Walking Wake|[miss]\n|-miss|p1a: Sinistcha|p2a: Walking Wake\n|\n|-weather|SunnyDay|[upkeep]\n|upkeep\n|turn|4\n|c|\u2606repete64|damn\n|\n|t:|1788289766\n|switch|p1a: Clefable|Clefable, F|100/100\n|move|p2a: Walking Wake|Hydro Steam|p1a: Clefable\n|-damage|p1a: Clefable|0 fnt\n|faint|p1a: Clefable\n|\n|-weather|SunnyDay|[upkeep]\n|upkeep\n|\n|t:|1788289772\n|switch|p1a: Kyurem|Kyurem|100/100\n|-ability|p1a: Kyurem|Pressure\n|turn|5\n|\n|t:|1788289775\n|-end|p2a: Walking Wake|Protosynthesis|[silent]\n|switch|p2a: Hatterene|Hatterene, F|100/100\n|move|p1a: Kyurem|Substitute|p1a: Kyurem\n|-start|p1a: Kyurem|Substitute\n|-damage|p1a: Kyurem|75/100\n|\n|-weather|SunnyDay|[upkeep]\n|-heal|p1a: Kyurem|82/100|[from] item: Leftovers\n|upkeep\n|turn|6\n|\n|t:|1788289779\n|move|p1a: Kyurem|Freeze-Dry|p2a: Hatterene\n|-damage|p2a: Hatterene|66/100\n|-enditem|p2a: Hatterene|Eject Button\n|\n|t:|1788289782\n|switch|p2a: Scovillain|Scovillain, M|100/100\n|\n|-weather|SunnyDay|[upkeep]\n|-heal|p1a: Kyurem|88/100|[from] item: Leftovers\n|upkeep\n|turn|7\n|\n|t:|1788289784\n|move|p1a: Kyurem|Protect|p1a: Kyurem\n|-singleturn|p1a: Kyurem|Protect\n|move|p2a: Scovillain|Flamethrower|p1a: Kyurem\n|-activate|p1a: Kyurem|move: Protect\n|\n|-weather|SunnyDay|[upkeep]\n|-heal|p1a: Kyurem|94/100|[from] item: Leftovers\n|upkeep\n|turn|8\n|\n|t:|1788289788\n|move|p2a: Scovillain|Flamethrower|p1a: Kyurem\n|-end|p1a: Kyurem|Substitute\n|-damage|p2a: Scovillain|91/100|[from] item: Life Orb\n|move|p1a: Kyurem|Freeze-Dry|p2a: Scovillain\n|-damage|p2a: Scovillain|32/100\n|\n|-weather|none\n|-heal|p1a: Kyurem|99/100|[from] item: Leftovers\n|upkeep\n|turn|9\n|\n|t:|1788289792\n|switch|p2a: Torkoal|Torkoal, F|39/100\n|-weather|SunnyDay|[from] ability: Drought|[of] p2a: Torkoal\n|move|p1a: Kyurem|Earth Power|p2a: Torkoal\n|-supereffective|p2a: Torkoal\n|-damage|p2a: Torkoal|0 fnt\n|faint|p2a: Torkoal\n|\n|-weather|SunnyDay|[upkeep]\n|-heal|p1a: Kyurem|100/100|[from] item: Leftovers\n|upkeep\n|\n|t:|1788289795\n|switch|p2a: Scovillain|Scovillain, M|32/100\n|turn|10\n|\n|t:|1788289797\n|move|p1a: Kyurem|Protect|p1a: Kyurem\n|-singleturn|p1a: Kyurem|Protect\n|move|p2a: Scovillain|Growth|p2a: Scovillain\n|-boost|p2a: Scovillain|atk|2\n|-boost|p2a: Scovillain|spa|2\n|\n|-weather|SunnyDay|[upkeep]\n|upkeep\n|turn|11\n|\n|t:|1788289804\n|switch|p1a: Ting-Lu|Ting-Lu|100/100\n|-ability|p1a: Ting-Lu|Vessel of Ruin\n|move|p2a: Scovillain|Giga Drain|p1a: Ting-Lu\n|-supereffective|p1a: Ting-Lu\n|-damage|p1a: Ting-Lu|25/100\n|-heal|p2a: Scovillain|100/100|[from] drain|[of] p1a: Ting-Lu\n|-damage|p2a: Scovillain|91/100|[from] item: Life Orb\n|\n|-weather|SunnyDay|[upkeep]\n|-heal|p1a: Ting-Lu|31/100|[from] item: Leftovers\n|upkeep\n|turn|12\n|\n|t:|1788289807\n|move|p1a: Ting-Lu|Protect|p1a: Ting-Lu\n|-singleturn|p1a: Ting-Lu|Protect\n|move|p2a: Scovillain|Flamethrower|p1a: Ting-Lu\n|-activate|p1a: Ting-Lu|move: Protect\n|\n|-weather|SunnyDay|[upkeep]\n|-heal|p1a: Ting-Lu|37/100|[from] item: Leftovers\n|upkeep\n|turn|13\n|\n|t:|1788289812\n|move|p2a: Scovillain|Giga Drain|p1a: Ting-Lu\n|-supereffective|p1a: Ting-Lu\n|-damage|p1a: Ting-Lu|0 fnt\n|-heal|p2a: Scovillain|100/100|[from] drain|[of] p1a: Ting-Lu\n|faint|p1a: Ting-Lu\n|-damage|p2a: Scovillain|91/100|[from] item: Life Orb\n|\n|-weather|SunnyDay|[upkeep]\n|upkeep\n|\n|t:|1788289816\n|switch|p1a: Kyurem|Kyurem|100/100\n|-ability|p1a: Kyurem|Pressure\n|turn|14\n|\n|t:|1788289818\n|move|p1a: Kyurem|Protect|p1a: Kyurem\n|-singleturn|p1a: Kyurem|Protect\n|move|p2a: Scovillain|Flamethrower|p1a: Kyurem\n|-activate|p1a: Kyurem|move: Protect\n|\n|-weather|SunnyDay|[upkeep]\n|upkeep\n|turn|15\n|\n|t:|1788289824\n|switch|p1a: Iron Treads|Iron Treads|100/100\n|-item|p1a: Iron Treads|Air Balloon\n|move|p2a: Scovillain|Flamethrower|p1a: Iron Treads\n|-supereffective|p1a: Iron Treads\n|-damage|p1a: Iron Treads|0 fnt\n|-enditem|p1a: Iron Treads|Air Balloon\n|faint|p1a: Iron Treads\n|-end|p1a: Iron Treads|Quark Drive|[silent]\n|-damage|p2a: Scovillain|81/100|[from] item: Life Orb\n|\n|-weather|SunnyDay|[upkeep]\n|upkeep\n|\n|t:|1788289829\n|switch|p1a: Kyurem|Kyurem|100/100\n|-ability|p1a: Kyurem|Pressure\n|turn|16\n|\n|t:|1788289833\n|switch|p2a: Walking Wake|Walking Wake|100/100\n|-activate|p2a: Walking Wake|ability: Protosynthesis\n|-start|p2a: Walking Wake|protosynthesisspa\n|move|p1a: Kyurem|Freeze-Dry|p2a: Walking Wake\n|-supereffective|p2a: Walking Wake\n|-damage|p2a: Walking Wake|0 fnt\n|faint|p2a: Walking Wake\n|-end|p2a: Walking Wake|Protosynthesis|[silent]\n|\n|-weather|none\n|upkeep\n|\n|t:|1788289836\n|switch|p2a: Hatterene|Hatterene, F|66/100\n|turn|17\n|\n|t:|1788289843\n|switch|p1a: Kingambit|Kingambit, F|100/100\n|-activate|p1a: Kingambit|ability: Supreme Overlord\n|-start|p1a: Kingambit|fallen3|[silent]\n|move|p2a: Hatterene|Draining Kiss|p1a: Kingambit\n|-damage|p1a: Kingambit|76/100\n|-heal|p2a: Hatterene|86/100|[from] drain|[of] p1a: Kingambit\n|\n|-heal|p1a: Kingambit|82/100|[from] item: Leftovers\n|upkeep\n|turn|18\n|\n|t:|1788289845\n|switch|p2a: Don|Great Tusk|100/100\n|move|p1a: Kingambit|Swords Dance|p1a: Kingambit\n|-boost|p1a: Kingambit|atk|2\n|\n|-heal|p1a: Kingambit|88/100|[from] item: Leftovers\n|upkeep\n|turn|19\n|\n|t:|1788289850\n|move|p2a: Don|Headlong Rush|p1a: Kingambit\n|-supereffective|p1a: Kingambit\n|-damage|p1a: Kingambit|0 fnt\n|-unboost|p2a: Don|def|1\n|-unboost|p2a: Don|spd|1\n|faint|p1a: Kingambit\n|-end|p1a: Kingambit|fallen3|[silent]\n|\n|upkeep\n|\n|t:|1788289853\n|switch|p1a: Sinistcha|Sinistcha|44/100\n|turn|20\n|\n|t:|1788289856\n|-end|p2a: Don|Protosynthesis|[silent]\n|switch|p2a: Scovillain|Scovillain, M|81/100\n|move|p1a: Sinistcha|Strength Sap|p2a: Scovillain\n|-unboost|p2a: Scovillain|atk|1\n|-heal|p1a: Sinistcha|100/100\n|\n|upkeep\n|turn|21\n|\n|t:|1788289860\n|-terastallize|p1a: Sinistcha|Poison\n|move|p2a: Scovillain|Overheat|p1a: Sinistcha\n|-damage|p1a: Sinistcha|58/100\n|-unboost|p2a: Scovillain|spa|2\n|-damage|p2a: Scovillain|71/100|[from] item: Life Orb\n|move|p1a: Sinistcha|Calm Mind|p1a: Sinistcha\n|-boost|p1a: Sinistcha|spa|1\n|-boost|p1a: Sinistcha|spd|1\n|\n|upkeep\n|turn|22\n|\n|t:|1788289866\n|switch|p2a: Hatterene|Hatterene, F|86/100\n|move|p1a: Sinistcha|Calm Mind|p1a: Sinistcha\n|-boost|p1a: Sinistcha|spa|1\n|-boost|p1a: Sinistcha|spd|1\n|\n|upkeep\n|turn|23\n|\n|t:|1788289871\n|move|p1a: Sinistcha|Shadow Ball|p2a: Hatterene\n|-supereffective|p2a: Hatterene\n|-damage|p2a: Hatterene|0 fnt\n|faint|p2a: Hatterene\n|\n|upkeep\n|\n|t:|1788289873\n|switch|p2a: Ceruledge|Ceruledge, F|100/100\n|turn|24\n|\n|t:|1788289878\n|move|p2a: Ceruledge|Swords Dance|p2a: Ceruledge\n|-boost|p2a: Ceruledge|atk|2\n|move|p1a: Sinistcha|Strength Sap|p2a: Ceruledge\n|-unboost|p2a: Ceruledge|atk|1\n|-heal|p1a: Sinistcha|100/100\n|\n|upkeep\n|turn|25\n|\n|t:|1788289883\n|-terastallize|p2a: Ceruledge|Grass\n|move|p2a: Ceruledge|Swords Dance|p2a: Ceruledge\n|-boost|p2a: Ceruledge|atk|2\n|move|p1a: Sinistcha|Shadow Ball|p2a: Ceruledge\n|-damage|p2a: Ceruledge|25/100\n|-unboost|p2a: Ceruledge|spd|1\n|\n|upkeep\n|turn|26\n|\n|t:|1788289890\n|move|p2a: Ceruledge|Bitter Blade|p1a: Sinistcha\n|-crit|p1a: Sinistcha\n|-damage|p1a: Sinistcha|34/100\n|-heal|p2a: Ceruledge|64/100|[from] drain|[of] p1a: Sinistcha\n|move|p1a: Sinistcha|Shadow Ball|p2a: Ceruledge\n|-damage|p2a: Ceruledge|0 fnt\n|faint|p2a: Ceruledge\n|\n|upkeep\n|\n|t:|1788289893\n|switch|p2a: Don|Great Tusk|100/100\n|turn|27\n|\n|t:|1788289897\n|move|p2a: Don|Headlong Rush|p1a: Sinistcha\n|-supereffective|p1a: Sinistcha\n|-damage|p1a: Sinistcha|0 fnt\n|-unboost|p2a: Don|def|1\n|-unboost|p2a: Don|spd|1\n|faint|p1a: Sinistcha\n|\n|upkeep\n|\n|t:|1788289899\n|switch|p1a: Kyurem|Kyurem|100/100\n|-ability|p1a: Kyurem|Pressure\n|turn|28\n|\n|t:|1788289902\n|move|p1a: Kyurem|Freeze-Dry|p2a: Don\n|-supereffective|p2a: Don\n|-damage|p2a: Don|0 fnt\n|faint|p2a: Don\n|-end|p2a: Don|Protosynthesis|[silent]\n|\n|upkeep\n|-message|hillbilly z forfeited.\n|\n|win|repete64\n|raw|repete64's rating: 1504 &rarr; <strong>1526</strong><br />(+22 for winning)\n|raw|hillbilly z's rating: 1544 &rarr; <strong>1522</strong><br />(-22 for losing)\n|l|\u2606hillbilly z\n|player|p2|\n|l|\u2606repete64\n|player|p1|\n", "uploadtime": 1788290236, "views": "1", "formatid": "gen9ou", "rating": 1522, "private": 0, "password": null}