{"id": "gen9ou-2673860168", "format": "[Gen 9] OU", "players": ["msad", "thiccdug"], "log": "|j|\u2606msad\n|j|\u2606thiccdug\n|t:|1788269723\n|gametype|singles\n|player|p1|msad|swimmer|1538\n|player|p2|thiccdug|266|1573\n|gen|9\n|tier|[Gen 9] OU\n|rated|\n|rule|HP Percentage Mod: HP is shown in percentages\n|rule|Endless Battle Clause: Forcing endless battles is banned\n|rule|Species Clause: Limit one of each Pok\u00e9mon\n|rule|OHKO Clause: OHKO moves are banned\n|rule|Evasion Items Clause: Evasion items are banned\n|rule|Evasion Moves Clause: Evasion moves are banned\n|rule|Evasion Abilities Clause: Evasion abilities are banned\n|rule|Sleep Moves Clause: Sleep-inducing moves are banned\n|clearpoke\n|poke|p1|Cobalion|\n|poke|p1|Samurott-Hisui, M|\n|poke|p1|Gholdengo|\n|poke|p1|Iron Moth|\n|poke|p1|Dragonite, M|\n|poke|p1|Meowscarada, F|\n|poke|p2|Hawlucha, F|\n|poke|p2|Samurott-Hisui, F|\n|poke|p2|Rillaboom, F|\n|poke|p2|Gholdengo|\n|poke|p2|Kyurem|\n|poke|p2|Landorus-Therian, M|\n|teampreview\n|inactive|Battle timer is ON: inactive players will automatically lose when time's up. (requested by thiccdug)\n|\n|t:|1788269732\n|teamsize|p1|6\n|teamsize|p2|6\n|start\n|switch|p1a: Coba La D|Cobalion, shiny|100/100\n|switch|p2a: Rillaboom|Rillaboom, F|100/100\n|-fieldstart|move: Grassy Terrain|[from] ability: Grassy Surge|[of] p2a: Rillaboom\n|turn|1\n|\n|t:|1788269734\n|move|p1a: Coba La D|Stealth Rock|p2a: Rillaboom\n|-sidestart|p2: thiccdug|move: Stealth Rock\n|move|p2a: Rillaboom|Knock Off|p1a: Coba La D\n|-resisted|p1a: Coba La D\n|-damage|p1a: Coba La D|86/100\n|-ability|p1a: Coba La D|Justified|boost\n|-boost|p1a: Coba La D|atk|1\n|-enditem|p1a: Coba La D|Focus Sash|[from] move: Knock Off|[of] p2a: Rillaboom\n|\n|-heal|p1a: Coba La D|92/100|[from] Grassy Terrain\n|upkeep\n|turn|2\n|\n|t:|1788269745\n|switch|p2a: Landorus|Landorus-Therian, M|100/100\n|-damage|p2a: Landorus|88/100|[from] Stealth Rock\n|-ability|p2a: Landorus|Intimidate|boost\n|-unboost|p1a: Coba La D|atk|1\n|move|p1a: Coba La D|Steel Beam|p2a: Landorus\n|-damage|p2a: Landorus|22/100\n|-damage|p1a: Coba La D|42/100|[from] steelbeam\n|\n|-heal|p1a: Coba La D|48/100|[from] Grassy Terrain\n|upkeep\n|turn|3\n|\n|t:|1788269754\n|move|p1a: Coba La D|Steel Beam|p2a: Landorus|[miss]\n|-miss|p1a: Coba La D|p2a: Landorus\n|-damage|p1a: Coba La D|0 fnt|[from] steelbeam\n|faint|p1a: Coba La D\n|move|p2a: Landorus|Stealth Rock|p1: Coba La D\n|-sidestart|p1: msad|move: Stealth Rock\n|\n|upkeep\n|c|\u2606msad|unlucky\n|\n|t:|1788269763\n|switch|p1a: Kaki Santana|Dragonite, M, shiny|100/100\n|turn|4\n|\n|t:|1788269766\n|move|p2a: Landorus|Taunt|p1a: Kaki Santana\n|-start|p1a: Kaki Santana|move: Taunt\n|cant|p1a: Kaki Santana|move: Taunt|Encore\n|\n|upkeep\n|turn|5\n|\n|t:|1788269771\n|move|p1a: Kaki Santana|Extreme Speed|p2a: Landorus\n|-damage|p2a: Landorus|0 fnt\n|-damage|p1a: Kaki Santana|84/100|[from] item: Rocky Helmet|[of] p2a: Landorus\n|faint|p2a: Landorus\n|\n|-fieldend|move: Grassy Terrain\n|upkeep\n|\n|t:|1788269775\n|switch|p2a: Kyurem|Kyurem|100/100\n|-damage|p2a: Kyurem|76/100|[from] Stealth Rock\n|-ability|p2a: Kyurem|Pressure\n|turn|6\n|\n|t:|1788269780\n|switch|p1a: EuroMillions|Gholdengo|100/100\n|-damage|p1a: EuroMillions|94/100|[from] Stealth Rock\n|move|p2a: Kyurem|Ice Beam|p1a: EuroMillions\n|-resisted|p1a: EuroMillions\n|-damage|p1a: EuroMillions|68/100\n|\n|upkeep\n|turn|7\n|\n|t:|1788269786\n|switch|p2a: Samurott|Samurott-Hisui, F|100/100\n|-damage|p2a: Samurott|88/100|[from] Stealth Rock\n|move|p1a: EuroMillions|Focus Blast|p2a: Samurott|[miss]\n|-miss|p1a: EuroMillions|p2a: Samurott\n|\n|upkeep\n|turn|8\n|\n|t:|1788269792\n|move|p1a: EuroMillions|Focus Blast|p2a: Samurott\n|-supereffective|p2a: Samurott\n|-damage|p2a: Samurott|37/100\n|move|p2a: Samurott|Ceaseless Edge|p1a: EuroMillions\n|-supereffective|p1a: EuroMillions\n|-damage|p1a: EuroMillions|0 fnt\n|-sidestart|p1: msad|Spikes\n|faint|p1a: EuroMillions\n|\n|upkeep\n|c|\u2606msad|bruh\n|\n|t:|1788269800\n|switch|p1a: La chatte \u00e0 mirei|Meowscarada, F|100/100\n|-damage|p1a: La chatte \u00e0 mirei|88/100|[from] Stealth Rock\n|-damage|p1a: La chatte \u00e0 mirei|76/100|[from] Spikes\n|turn|9\n|\n|t:|1788269804\n|move|p2a: Samurott|Sucker Punch|p1a: La chatte \u00e0 mirei\n|-resisted|p1a: La chatte \u00e0 mirei\n|-damage|p1a: La chatte \u00e0 mirei|54/100\n|move|p1a: La chatte \u00e0 mirei|U-turn|p2a: Samurott\n|-start|p1a: La chatte \u00e0 mirei|typechange|Bug|[from] ability: Protean\n|-supereffective|p2a: Samurott\n|-damage|p2a: Samurott|0 fnt\n|faint|p2a: Samurott\n|\n|t:|1788269808\n|switch|p1a: Kaki Santana|Dragonite, M, shiny|84/100|[from] U-turn\n|\n|upkeep\n|\n|t:|1788269813\n|switch|p2a: Kyurem|Kyurem|76/100\n|-damage|p2a: Kyurem|51/100|[from] Stealth Rock\n|-ability|p2a: Kyurem|Pressure\n|turn|10\n|\n|t:|1788269816\n|-terastallize|p1a: Kaki Santana|Normal\n|move|p1a: Kaki Santana|Extreme Speed|p2a: Kyurem\n|-damage|p2a: Kyurem|6/100\n|move|p2a: Kyurem|Ice Beam|p1a: Kaki Santana\n|-damage|p1a: Kaki Santana|31/100\n|-status|p1a: Kaki Santana|frz\n|\n|upkeep\n|turn|11\n|\n|t:|1788269820\n|cant|p1a: Kaki Santana|frz\n|move|p2a: Kyurem|Ice Beam|p1a: Kaki Santana\n|-damage|p1a: Kaki Santana|0 fnt\n|faint|p1a: Kaki Santana\n|\n|upkeep\n|c|\u2606msad|brooo\n|c|\u2606thiccdug|Im haxxing hella\n|\n|t:|1788269827\n|switch|p1a: Mitenbois|Iron Moth, shiny|100/100\n|-damage|p1a: Mitenbois|76/100|[from] Stealth Rock\n|-damage|p1a: Mitenbois|63/100|[from] Spikes\n|-enditem|p1a: Mitenbois|Booster Energy\n|-activate|p1a: Mitenbois|ability: Quark Drive|[fromitem]\n|-start|p1a: Mitenbois|quarkdrivespe\n|turn|12\n|c|\u2606thiccdug|Mb\n|c|\u2606msad|part of the game lmao\n|\n|t:|1788269836\n|move|p1a: Mitenbois|Fiery Dance|p2a: Kyurem\n|-damage|p2a: Kyurem|0 fnt\n|-boost|p1a: Mitenbois|spa|1\n|faint|p2a: Kyurem\n|\n|upkeep\n|\n|t:|1788269837\n|switch|p2a: Rillaboom|Rillaboom, F|100/100\n|-damage|p2a: Rillaboom|88/100|[from] Stealth Rock\n|-fieldstart|move: Grassy Terrain|[from] ability: Grassy Surge|[of] p2a: Rillaboom\n|turn|13\n|\n|t:|1788269841\n|move|p1a: Mitenbois|Fiery Dance|p2a: Rillaboom\n|-supereffective|p2a: Rillaboom\n|-damage|p2a: Rillaboom|0 fnt\n|-boost|p1a: Mitenbois|spa|1\n|faint|p2a: Rillaboom\n|\n|-heal|p1a: Mitenbois|69/100|[from] Grassy Terrain\n|upkeep\n|\n|t:|1788269843\n|switch|p2a: Hawlucha|Hawlucha, F|100/100\n|-damage|p2a: Hawlucha|88/100|[from] Stealth Rock\n|-enditem|p2a: Hawlucha|Grassy Seed\n|-boost|p2a: Hawlucha|def|1|[from] item: Grassy Seed\n|turn|14\n|\n|t:|1788269848\n|move|p2a: Hawlucha|Acrobatics|p1a: Mitenbois\n|-crit|p1a: Mitenbois\n|-damage|p1a: Mitenbois|0 fnt\n|faint|p1a: Mitenbois\n|-end|p1a: Mitenbois|Quark Drive|[silent]\n|\n|upkeep\n|\n|t:|1788269853\n|switch|p1a: La chatte \u00e0 mirei|Meowscarada, F|54/100\n|-damage|p1a: La chatte \u00e0 mirei|41/100|[from] Stealth Rock\n|-damage|p1a: La chatte \u00e0 mirei|29/100|[from] Spikes\n|turn|15\n|\n|t:|1788269856\n|move|p2a: Hawlucha|Acrobatics|p1a: La chatte \u00e0 mirei\n|-supereffective|p1a: La chatte \u00e0 mirei\n|-damage|p1a: La chatte \u00e0 mirei|0 fnt\n|faint|p1a: La chatte \u00e0 mirei\n|\n|upkeep\n|\n|t:|1788269859\n|switch|p1a: Barbe Grise|Samurott-Hisui, M|100/100\n|-damage|p1a: Barbe Grise|88/100|[from] Stealth Rock\n|-damage|p1a: Barbe Grise|75/100|[from] Spikes\n|turn|16\n|\n|t:|1788269864\n|move|p2a: Hawlucha|Low Kick|p1a: Barbe Grise\n|-supereffective|p1a: Barbe Grise\n|-damage|p1a: Barbe Grise|0 fnt\n|faint|p1a: Barbe Grise\n|\n|win|thiccdug\n|raw|msad's rating: 1538 &rarr; <strong>1520</strong><br />(-18 for losing)\n|raw|thiccdug's rating: 1573 &rarr; <strong>1591</strong><br />(+18 for winning)\n|l|\u2606msad\n|player|p1|\n|c|\u2606thiccdug|G\n|c|\u2606thiccdug|G\n|l|\u2606thiccdug\n|player|p2|\n", "uploadtime": 1788270125, "views": "1", "formatid": "gen9ou", "rating": 1520, "private": 0, "password": null}