{"id": "gen9ou-2673927389", "format": "[Gen 9] OU", "players": ["bootstheone", "kangarooteam1"], "log": "|j|\u2606bootstheone\n|j|\u2606kangarooteam1\n|t:|1788278097\n|gametype|singles\n|player|p1|bootstheone|blue|1693\n|player|p2|kangarooteam1|1|1652\n|gen|9\n|tier|[Gen 9] OU\n|rated|\n|rule|HP Percentage Mod: HP is shown in percentages\n|rule|Endless Battle Clause: Forcing endless battles is banned\n|rule|Species Clause: Limit one of each Pok\u00e9mon\n|rule|OHKO Clause: OHKO moves are banned\n|rule|Evasion Items Clause: Evasion items are banned\n|rule|Evasion Moves Clause: Evasion moves are banned\n|rule|Evasion Abilities Clause: Evasion abilities are banned\n|rule|Sleep Moves Clause: Sleep-inducing moves are banned\n|clearpoke\n|poke|p1|Pelipper, M|\n|poke|p1|Barraskewda, M|\n|poke|p1|Overqwil, F|\n|poke|p1|Kingambit, F|\n|poke|p1|Raging Bolt|\n|poke|p1|Iron Treads|\n|poke|p2|Great Tusk|\n|poke|p2|Gholdengo|\n|poke|p2|Raging Bolt|\n|poke|p2|Iron Valiant|\n|poke|p2|Ogerpon-Wellspring, F|\n|poke|p2|Kingambit, F|\n|teampreview\n|inactive|Battle timer is ON: inactive players will automatically lose when time's up. (requested by kangarooteam1)\n|\n|t:|1788278103\n|teamsize|p1|6\n|teamsize|p2|6\n|start\n|switch|p1a: HeavyWeather|Pelipper, M, shiny|100/100\n|switch|p2a: Great Tusk|Great Tusk|100/100\n|-weather|RainDance|[from] ability: Drizzle|[of] p1a: HeavyWeather\n|turn|1\n|\n|t:|1788278110\n|-end|p2a: Great Tusk|Protosynthesis|[silent]\n|switch|p2a: Raging Bolt|Raging Bolt|100/100\n|move|p1a: HeavyWeather|U-turn|p2a: Raging Bolt\n|-damage|p2a: Raging Bolt|93/100\n|\n|t:|1788278115\n|switch|p1a: Cyphant|Iron Treads, shiny|100/100|[from] U-turn\n|-enditem|p1a: Cyphant|Booster Energy\n|-activate|p1a: Cyphant|ability: Quark Drive|[fromitem]\n|-start|p1a: Cyphant|quarkdrivespe\n|\n|-weather|RainDance|[upkeep]\n|-heal|p2a: Raging Bolt|99/100|[from] item: Leftovers\n|upkeep\n|turn|2\n|\n|t:|1788278125\n|-end|p2a: Raging Bolt|Protosynthesis|[silent]\n|switch|p2a: Great Tusk|Great Tusk|100/100\n|move|p1a: Cyphant|Earth Power|p2a: Great Tusk\n|-damage|p2a: Great Tusk|54/100\n|\n|-weather|RainDance|[upkeep]\n|-heal|p2a: Great Tusk|60/100|[from] item: Leftovers\n|upkeep\n|turn|3\n|\n|t:|1788278134\n|move|p1a: Cyphant|Steel Beam|p2a: Great Tusk\n|-damage|p2a: Great Tusk|0 fnt\n|faint|p2a: Great Tusk\n|-end|p2a: Great Tusk|Protosynthesis|[silent]\n|-damage|p1a: Cyphant|50/100|[from] steelbeam\n|\n|-weather|RainDance|[upkeep]\n|upkeep\n|\n|t:|1788278134\n|switch|p2a: Ogerpon|Ogerpon-Wellspring, F|100/100\n|turn|4\n|\n|t:|1788278146\n|move|p1a: Cyphant|Steel Beam|p2a: Ogerpon\n|-resisted|p2a: Ogerpon\n|-damage|p2a: Ogerpon|71/100\n|-damage|p1a: Cyphant|0 fnt|[from] steelbeam\n|faint|p1a: Cyphant\n|-end|p1a: Cyphant|Quark Drive|[silent]\n|move|p2a: Ogerpon|Ivy Cudgel|p1: Cyphant|[notarget]\n|-fail|p2a: Ogerpon\n|\n|-weather|RainDance|[upkeep]\n|upkeep\n|j| nfbfkmf\n|l| nfbfkmf\n|\n|t:|1788278155\n|switch|p1a: Fishile|Barraskewda, M|100/100\n|turn|5\n|\n|t:|1788278159\n|switch|p2a: Raging Bolt|Raging Bolt|99/100\n|move|p1a: Fishile|Close Combat|p2a: Raging Bolt\n|-crit|p2a: Raging Bolt\n|-damage|p2a: Raging Bolt|25/100\n|-unboost|p1a: Fishile|def|1\n|-unboost|p1a: Fishile|spd|1\n|\n|-weather|RainDance|[upkeep]\n|-heal|p2a: Raging Bolt|31/100|[from] item: Leftovers\n|upkeep\n|turn|6\n|\n|t:|1788278175\n|switch|p1a: Pufferbomb|Overqwil, F|100/100\n|move|p2a: Raging Bolt|Thunderbolt|p1a: Pufferbomb\n|-damage|p1a: Pufferbomb|16/100\n|\n|-weather|RainDance|[upkeep]\n|-heal|p2a: Raging Bolt|37/100|[from] item: Leftovers\n|upkeep\n|turn|7\n|\n|t:|1788278185\n|move|p2a: Raging Bolt|Thunderclap||[still]\n|-fail|p2a: Raging Bolt\n|move|p1a: Pufferbomb|Spikes|p2a: Raging Bolt\n|-sidestart|p2: kangarooteam1|Spikes\n|\n|-weather|RainDance|[upkeep]\n|-heal|p2a: Raging Bolt|43/100|[from] item: Leftovers\n|upkeep\n|turn|8\n|\n|t:|1788278194\n|move|p2a: Raging Bolt|Thunderclap||[still]\n|-fail|p2a: Raging Bolt\n|move|p1a: Pufferbomb|Spikes|p2a: Raging Bolt\n|-sidestart|p2: kangarooteam1|Spikes\n|\n|-weather|none\n|-heal|p2a: Raging Bolt|49/100|[from] item: Leftovers\n|upkeep\n|turn|9\n|\n|t:|1788278205\n|move|p2a: Raging Bolt|Thunderclap||[still]\n|-fail|p2a: Raging Bolt\n|move|p1a: Pufferbomb|Taunt|p2a: Raging Bolt\n|-start|p2a: Raging Bolt|move: Taunt\n|\n|-heal|p2a: Raging Bolt|55/100|[from] item: Leftovers\n|upkeep\n|turn|10\n|\n|t:|1788278217\n|move|p2a: Raging Bolt|Thunderclap||[still]\n|-fail|p2a: Raging Bolt\n|move|p1a: Pufferbomb|Spikes|p2a: Raging Bolt\n|-sidestart|p2: kangarooteam1|Spikes\n|\n|-heal|p2a: Raging Bolt|62/100|[from] item: Leftovers\n|upkeep\n|turn|11\n|\n|t:|1788278227\n|move|p2a: Raging Bolt|Thunderclap|p1a: Pufferbomb\n|-damage|p1a: Pufferbomb|0 fnt\n|faint|p1a: Pufferbomb\n|\n|-heal|p2a: Raging Bolt|68/100|[from] item: Leftovers\n|upkeep\n|\n|t:|1788278237\n|switch|p1a: Nimby|Raging Bolt|100/100\n|-enditem|p1a: Nimby|Booster Energy\n|-activate|p1a: Nimby|ability: Protosynthesis|[fromitem]\n|-start|p1a: Nimby|protosynthesisspa\n|turn|12\n|\n|t:|1788278244\n|-terastallize|p2a: Raging Bolt|Fairy\n|-terastallize|p1a: Nimby|Fairy\n|move|p2a: Raging Bolt|Dragon Pulse|p1a: Nimby\n|-immune|p1a: Nimby\n|move|p1a: Nimby|Draco Meteor|p2a: Raging Bolt\n|-immune|p2a: Raging Bolt\n|\n|-heal|p2a: Raging Bolt|74/100|[from] item: Leftovers\n|-end|p2a: Raging Bolt|move: Taunt\n|upkeep\n|turn|13\n|c|\u2606bootstheone|uhhhhh\n|\n|t:|1788278258\n|move|p2a: Raging Bolt|Calm Mind|p2a: Raging Bolt\n|-boost|p2a: Raging Bolt|spa|1\n|-boost|p2a: Raging Bolt|spd|1\n|move|p1a: Nimby|Thunder|p2a: Raging Bolt\n|-damage|p2a: Raging Bolt|24/100\n|-status|p2a: Raging Bolt|par\n|\n|-heal|p2a: Raging Bolt|30/100 par|[from] item: Leftovers\n|upkeep\n|turn|14\n|\n|t:|1788278268\n|cant|p2a: Raging Bolt|par\n|move|p1a: Nimby|Thunder|p2a: Raging Bolt\n|-damage|p2a: Raging Bolt|0 fnt\n|faint|p2a: Raging Bolt\n|-end|p2a: Raging Bolt|Protosynthesis|[silent]\n|\n|upkeep\n|\n|t:|1788278270\n|switch|p2a: Gholdengo|Gholdengo|100/100\n|-item|p2a: Gholdengo|Air Balloon\n|turn|15\n|\n|t:|1788278279\n|move|p1a: Nimby|Thunderclap|p2a: Gholdengo\n|-damage|p2a: Gholdengo|33/100\n|-enditem|p2a: Gholdengo|Air Balloon\n|move|p2a: Gholdengo|Make It Rain|p1a: Nimby\n|-supereffective|p1a: Nimby\n|-damage|p1a: Nimby|4/100\n|-unboost|p2a: Gholdengo|spa|1\n|\n|upkeep\n|turn|16\n|\n|t:|1788278289\n|-end|p1a: Nimby|Protosynthesis|[silent]\n|switch|p1a: HeavyWeather|Pelipper, M, shiny|100/100\n|-weather|RainDance|[from] ability: Drizzle|[of] p1a: HeavyWeather\n|move|p2a: Gholdengo|Recover|p2a: Gholdengo\n|-heal|p2a: Gholdengo|83/100\n|\n|-weather|RainDance|[upkeep]\n|upkeep\n|turn|17\n|\n|t:|1788278300\n|move|p2a: Gholdengo|Shadow Ball|p1a: HeavyWeather\n|-damage|p1a: HeavyWeather|63/100\n|move|p1a: HeavyWeather|U-turn|p2a: Gholdengo\n|-resisted|p2a: Gholdengo\n|-damage|p2a: Gholdengo|80/100\n|\n|t:|1788278309\n|switch|p1a: Sukuna|Kingambit, F, shiny|100/100|[from] U-turn\n|-activate|p1a: Sukuna|ability: Supreme Overlord\n|-start|p1a: Sukuna|fallen2|[silent]\n|-item|p1a: Sukuna|Air Balloon\n|\n|-weather|RainDance|[upkeep]\n|upkeep\n|turn|18\n|\n|t:|1788278321\n|move|p2a: Gholdengo|Nasty Plot|p2a: Gholdengo\n|-boost|p2a: Gholdengo|spa|2\n|move|p1a: Sukuna|Iron Head|p2a: Gholdengo\n|-resisted|p2a: Gholdengo\n|-damage|p2a: Gholdengo|46/100\n|\n|-weather|RainDance|[upkeep]\n|upkeep\n|turn|19\n|\n|t:|1788278329\n|move|p1a: Sukuna|Sucker Punch|p2a: Gholdengo\n|-supereffective|p2a: Gholdengo\n|-damage|p2a: Gholdengo|0 fnt\n|faint|p2a: Gholdengo\n|\n|-weather|RainDance|[upkeep]\n|upkeep\n|\n|t:|1788278331\n|switch|p2a: Iron Valiant|Iron Valiant|100/100\n|-damage|p2a: Iron Valiant|76/100|[from] Spikes\n|-enditem|p2a: Iron Valiant|Booster Energy\n|-activate|p2a: Iron Valiant|ability: Quark Drive|[fromitem]\n|-start|p2a: Iron Valiant|quarkdrivespe\n|turn|20\n|\n|t:|1788278341\n|-end|p1a: Sukuna|fallen2|[silent]\n|switch|p1a: Nimby|Raging Bolt, tera:Fairy|4/100\n|move|p2a: Iron Valiant|Close Combat|p1a: Nimby\n|-resisted|p1a: Nimby\n|-damage|p1a: Nimby|0 fnt\n|-unboost|p2a: Iron Valiant|def|1\n|-unboost|p2a: Iron Valiant|spd|1\n|faint|p1a: Nimby\n|-end|p1a: Nimby|Protosynthesis|[silent]\n|\n|-weather|RainDance|[upkeep]\n|upkeep\n|\n|t:|1788278357\n|switch|p1a: Fishile|Barraskewda, M|100/100\n|turn|21\n|\n|t:|1788278373\n|-end|p2a: Iron Valiant|Quark Drive|[silent]\n|switch|p2a: Ogerpon|Ogerpon-Wellspring, F|71/100\n|-damage|p2a: Ogerpon|46/100|[from] Spikes\n|move|p1a: Fishile|Flip Turn|p2a: Ogerpon\n|-heal|p2a: Ogerpon|71/100|[from] ability: Water Absorb|[of] p1a: Fishile\n|\n|-weather|RainDance|[upkeep]\n|upkeep\n|turn|22\n|\n|t:|1788278383\n|switch|p1a: HeavyWeather|Pelipper, M, shiny|63/100\n|move|p2a: Ogerpon|Ivy Cudgel|p1a: HeavyWeather|[anim] Ivy Cudgel Water\n|-resisted|p1a: HeavyWeather\n|-crit|p1a: HeavyWeather\n|-damage|p1a: HeavyWeather|16/100\n|\n|-weather|RainDance|[upkeep]\n|upkeep\n|turn|23\n|\n|t:|1788278398\n|move|p2a: Ogerpon|Power Whip|p1a: HeavyWeather\n|-damage|p1a: HeavyWeather|0 fnt\n|faint|p1a: HeavyWeather\n|\n|-weather|none\n|upkeep\n|\n|t:|1788278405\n|switch|p1a: Fishile|Barraskewda, M|100/100\n|turn|24\n|\n|t:|1788278409\n|move|p1a: Fishile|Close Combat|p2a: Ogerpon\n|-damage|p2a: Ogerpon|0 fnt\n|-unboost|p1a: Fishile|def|1\n|-unboost|p1a: Fishile|spd|1\n|faint|p2a: Ogerpon\n|\n|upkeep\n|\n|t:|1788278410\n|switch|p2a: Kingambit|Kingambit, F|100/100\n|-damage|p2a: Kingambit|76/100|[from] Spikes\n|-activate|p2a: Kingambit|ability: Supreme Overlord\n|-start|p2a: Kingambit|fallen4|[silent]\n|turn|25\n|\n|t:|1788278422\n|switch|p1a: Sukuna|Kingambit, F, shiny|100/100\n|-activate|p1a: Sukuna|ability: Supreme Overlord\n|-start|p1a: Sukuna|fallen4|[silent]\n|-item|p1a: Sukuna|Air Balloon\n|move|p2a: Kingambit|Sucker Punch||[still]\n|-fail|p2a: Kingambit\n|\n|-heal|p2a: Kingambit|82/100|[from] item: Leftovers\n|upkeep\n|turn|26\n|\n|t:|1788278436\n|-end|p2a: Kingambit|fallen4|[silent]\n|switch|p2a: Iron Valiant|Iron Valiant|76/100\n|-damage|p2a: Iron Valiant|51/100|[from] Spikes\n|move|p1a: Sukuna|Kowtow Cleave|p2a: Iron Valiant\n|-resisted|p2a: Iron Valiant\n|-damage|p2a: Iron Valiant|27/100\n|\n|upkeep\n|turn|27\n|\n|t:|1788278444\n|move|p1a: Sukuna|Sucker Punch|p2a: Iron Valiant\n|-resisted|p2a: Iron Valiant\n|-damage|p2a: Iron Valiant|7/100\n|move|p2a: Iron Valiant|Close Combat|p1a: Sukuna\n|-supereffective|p1a: Sukuna\n|-damage|p1a: Sukuna|0 fnt\n|-unboost|p2a: Iron Valiant|def|1\n|-unboost|p2a: Iron Valiant|spd|1\n|-enditem|p1a: Sukuna|Air Balloon\n|faint|p1a: Sukuna\n|-end|p1a: Sukuna|fallen4|[silent]\n|\n|upkeep\n|\n|t:|1788278456\n|switch|p1a: Fishile|Barraskewda, M|100/100\n|turn|28\n|\n|t:|1788278459\n|move|p1a: Fishile|Aqua Jet|p2a: Iron Valiant\n|-damage|p2a: Iron Valiant|0 fnt\n|faint|p2a: Iron Valiant\n|-end|p2a: Iron Valiant|Quark Drive|[silent]\n|\n|upkeep\n|\n|t:|1788278459\n|switch|p2a: Kingambit|Kingambit, F|82/100\n|-damage|p2a: Kingambit|57/100|[from] Spikes\n|-activate|p2a: Kingambit|ability: Supreme Overlord\n|-start|p2a: Kingambit|fallen5|[silent]\n|turn|29\n|\n|t:|1788278468\n|move|p1a: Fishile|Aqua Jet|p2a: Kingambit\n|-damage|p2a: Kingambit|31/100\n|move|p2a: Kingambit|Kowtow Cleave|p1a: Fishile\n|-damage|p1a: Fishile|0 fnt\n|faint|p1a: Fishile\n|\n|win|kangarooteam1\n|raw|bootstheone's rating: 1693 &rarr; <strong>1671</strong><br />(-22 for losing)\n|raw|kangarooteam1's rating: 1652 &rarr; <strong>1674</strong><br />(+22 for winning)\n", "uploadtime": 1788278469, "views": "0", "formatid": "gen9ou", "rating": 1671, "private": 0, "password": null}