{"id": "gen9ou-2673965361", "format": "[Gen 9] OU", "players": ["like gold", "josemgv357"], "log": "|j|\u2606like gold\n|j|\u2606josemgv357\n|t:|1788282636\n|gametype|singles\n|player|p1|like gold|steven|1549\n|player|p2|josemgv357|hilda-wonderlauncher|1541\n|gen|9\n|tier|[Gen 9] OU\n|rated|\n|rule|HP Percentage Mod: HP is shown in percentages\n|rule|Endless Battle Clause: Forcing endless battles is banned\n|rule|Species Clause: Limit one of each Pok\u00e9mon\n|rule|OHKO Clause: OHKO moves are banned\n|rule|Evasion Items Clause: Evasion items are banned\n|rule|Evasion Moves Clause: Evasion moves are banned\n|rule|Evasion Abilities Clause: Evasion abilities are banned\n|rule|Sleep Moves Clause: Sleep-inducing moves are banned\n|clearpoke\n|poke|p1|Gholdengo|\n|poke|p1|Araquanid, F|\n|poke|p1|Great Tusk|\n|poke|p1|Iron Moth|\n|poke|p1|Dragonite, F|\n|poke|p1|Ogerpon-Wellspring, F|\n|poke|p2|Arcanine-Hisui, F|\n|poke|p2|Gholdengo|\n|poke|p2|Sinistcha-Masterpiece|\n|poke|p2|Slowking-Galar, F|\n|poke|p2|Samurott-Hisui, F|\n|poke|p2|Great Tusk|\n|teampreview\n|\n|t:|1788282646\n|teamsize|p1|6\n|teamsize|p2|6\n|start\n|switch|p1a: Great Tusk|Great Tusk|100/100\n|switch|p2a: Cooler samurott|Samurott-Hisui, F|100/100\n|turn|1\n|\n|t:|1788282655\n|switch|p2a: Okay Tusk|Great Tusk|100/100\n|move|p1a: Great Tusk|Close Combat|p2a: Okay Tusk\n|-damage|p2a: Okay Tusk|62/100\n|-unboost|p1a: Great Tusk|def|1\n|-unboost|p1a: Great Tusk|spd|1\n|-damage|p1a: Great Tusk|91/100|[from] item: Life Orb\n|\n|-heal|p2a: Okay Tusk|69/100|[from] item: Leftovers\n|upkeep\n|turn|2\n|\n|t:|1788282659\n|-end|p1a: Great Tusk|Protosynthesis|[silent]\n|switch|p1a: Araquanid|Araquanid, F|100/100\n|move|p2a: Okay Tusk|Stealth Rock|p1a: Araquanid\n|-sidestart|p1: like gold|move: Stealth Rock\n|\n|-heal|p2a: Okay Tusk|75/100|[from] item: Leftovers\n|upkeep\n|turn|3\n|\n|t:|1788282665\n|-end|p2a: Okay Tusk|Protosynthesis|[silent]\n|switch|p2a: Cooler samurott|Samurott-Hisui, F|100/100\n|move|p1a: Araquanid|Sticky Web|p2a: Cooler samurott\n|-sidestart|p2: josemgv357|move: Sticky Web\n|\n|upkeep\n|turn|4\n|\n|t:|1788282671\n|move|p2a: Cooler samurott|Ceaseless Edge|p1a: Araquanid\n|-damage|p1a: Araquanid|64/100\n|-sidestart|p1: like gold|Spikes\n|move|p1a: Araquanid|Surf|p2a: Cooler samurott\n|-resisted|p2a: Cooler samurott\n|-damage|p2a: Cooler samurott|78/100\n|\n|upkeep\n|turn|5\n|\n|t:|1788282676\n|move|p2a: Cooler samurott|Knock Off|p1a: Araquanid\n|-damage|p1a: Araquanid|28/100\n|-enditem|p1a: Araquanid|Custap Berry|[from] move: Knock Off|[of] p2a: Cooler samurott\n|move|p1a: Araquanid|Endeavor|p2a: Cooler samurott\n|-damage|p2a: Cooler samurott|25/100\n|\n|upkeep\n|turn|6\n|\n|t:|1788282682\n|move|p2a: Cooler samurott|Ceaseless Edge|p1a: Araquanid|[miss]\n|-miss|p2a: Cooler samurott|p1a: Araquanid\n|move|p1a: Araquanid|Surf|p2a: Cooler samurott\n|-resisted|p2a: Cooler samurott\n|-damage|p2a: Cooler samurott|3/100\n|\n|upkeep\n|turn|7\n|\n|t:|1788282684\n|move|p2a: Cooler samurott|Ceaseless Edge|p1a: Araquanid\n|-damage|p1a: Araquanid|0 fnt\n|-sidestart|p1: like gold|Spikes\n|faint|p1a: Araquanid\n|\n|upkeep\n|\n|t:|1788282688\n|switch|p1a: Great Tusk|Great Tusk|91/100\n|-damage|p1a: Great Tusk|88/100|[from] Stealth Rock\n|-damage|p1a: Great Tusk|71/100|[from] Spikes\n|turn|8\n|\n|t:|1788282691\n|switch|p2a: Performative|Sinistcha-Masterpiece|100/100\n|move|p1a: Great Tusk|Ice Spinner|p2a: Performative\n|-supereffective|p2a: Performative\n|-damage|p2a: Performative|54/100\n|-damage|p1a: Great Tusk|61/100|[from] item: Life Orb\n|\n|upkeep\n|turn|9\n|\n|t:|1788282699\n|-end|p1a: Great Tusk|Protosynthesis|[silent]\n|switch|p1a: Gholdengo|Gholdengo|100/100\n|-damage|p1a: Gholdengo|94/100|[from] Stealth Rock\n|-damage|p1a: Gholdengo|78/100|[from] Spikes\n|move|p2a: Performative|Strength Sap|p1a: Gholdengo\n|-immune|p1a: Gholdengo|[from] ability: Good as Gold\n|\n|upkeep\n|turn|10\n|\n|t:|1788282703\n|switch|p2a: Cooler samurott|Samurott-Hisui, F|3/100\n|-activate|p2a: Cooler samurott|move: Sticky Web\n|-unboost|p2a: Cooler samurott|spe|1\n|move|p1a: Gholdengo|Shadow Ball|p2a: Cooler samurott\n|-resisted|p2a: Cooler samurott\n|-damage|p2a: Cooler samurott|0 fnt\n|faint|p2a: Cooler samurott\n|\n|upkeep\n|\n|t:|1788282743\n|switch|p2a: Okay Tusk|Great Tusk|75/100\n|-activate|p2a: Okay Tusk|move: Sticky Web\n|-unboost|p2a: Okay Tusk|spe|1\n|turn|11\n|\n|t:|1788282779\n|move|p1a: Gholdengo|Shadow Ball|p2a: Okay Tusk\n|-damage|p2a: Okay Tusk|0 fnt\n|faint|p2a: Okay Tusk\n|-end|p2a: Okay Tusk|Protosynthesis|[silent]\n|\n|upkeep\n|\n|t:|1788282785\n|switch|p2a: Doggo|Arcanine-Hisui, F|100/100\n|-activate|p2a: Doggo|move: Sticky Web\n|-unboost|p2a: Doggo|spe|1\n|turn|12\n|\n|t:|1788282793\n|-terastallize|p2a: Doggo|Normal\n|move|p1a: Gholdengo|Shadow Ball|p2a: Doggo\n|-immune|p2a: Doggo\n|move|p2a: Doggo|Flare Blitz|p1a: Gholdengo\n|-supereffective|p1a: Gholdengo\n|-damage|p1a: Gholdengo|0 fnt\n|faint|p1a: Gholdengo\n|\n|upkeep\n|\n|t:|1788282809\n|switch|p1a: Dragonite|Dragonite, F|100/100\n|-damage|p1a: Dragonite|76/100|[from] Stealth Rock\n|turn|13\n|\n|t:|1788282822\n|switch|p2a: Performative|Sinistcha-Masterpiece|54/100\n|-terastallize|p1a: Dragonite|Normal\n|move|p1a: Dragonite|Outrage|p2a: Performative\n|-damage|p2a: Performative|0 fnt\n|faint|p2a: Performative\n|\n|upkeep\n|\n|t:|1788282825\n|switch|p2a: Old Money|Gholdengo|100/100\n|-activate|p2a: Old Money|move: Sticky Web\n|-unboost|p2a: Old Money|spe|1\n|turn|14\n|\n|t:|1788282828\n|move|p2a: Old Money|Make It Rain|p1a: Dragonite\n|-damage|p1a: Dragonite|3/100\n|-unboost|p2a: Old Money|spa|1\n|move|p1a: Dragonite|Outrage|p2a: Old Money|[from] lockedmove\n|-resisted|p2a: Old Money\n|-damage|p2a: Old Money|40/100\n|\n|upkeep\n|turn|15\n|\n|t:|1788282836\n|move|p2a: Old Money|Make It Rain|p1a: Dragonite\n|-damage|p1a: Dragonite|0 fnt\n|-unboost|p2a: Old Money|spa|1\n|faint|p1a: Dragonite\n|\n|upkeep\n|\n|t:|1788282840\n|switch|p1a: Iron Moth|Iron Moth|100/100\n|-damage|p1a: Iron Moth|76/100|[from] Stealth Rock\n|-damage|p1a: Iron Moth|59/100|[from] Spikes\n|-enditem|p1a: Iron Moth|Booster Energy\n|-activate|p1a: Iron Moth|ability: Quark Drive|[fromitem]\n|-start|p1a: Iron Moth|quarkdrivespe\n|turn|16\n|\n|t:|1788282847\n|switch|p2a: Headcrab|Slowking-Galar, F|100/100\n|move|p1a: Iron Moth|Fiery Dance|p2a: Headcrab\n|-damage|p2a: Headcrab|76/100\n|-boost|p1a: Iron Moth|spa|1\n|\n|upkeep\n|turn|17\n|\n|t:|1788282852\n|move|p1a: Iron Moth|Substitute|p1a: Iron Moth\n|-start|p1a: Iron Moth|Substitute\n|-damage|p1a: Iron Moth|34/100\n|move|p2a: Headcrab|Future Sight|p1a: Iron Moth\n|-start|p2a: Headcrab|move: Future Sight\n|\n|upkeep\n|turn|18\n|\n|t:|1788282857\n|move|p1a: Iron Moth|Fiery Dance|p2a: Headcrab\n|-crit|p2a: Headcrab\n|-damage|p2a: Headcrab|24/100\n|-prepare|p2a: Headcrab|Chilly Reception|[premajor]\n|move|p2a: Headcrab|Chilly Reception|p2a: Headcrab\n|-weather|Snowscape\n|\n|t:|1788282862\n|switch|p2a: Doggo|Arcanine-Hisui, F, tera:Normal|100/100|[from] Chilly Reception\n|-activate|p2a: Doggo|move: Sticky Web\n|-unboost|p2a: Doggo|spe|1\n|\n|-weather|Snowscape|[upkeep]\n|upkeep\n|turn|19\n|\n|t:|1788282867\n|switch|p2a: Headcrab|Slowking-Galar, F|57/100\n|move|p1a: Iron Moth|Sludge Wave|p2a: Headcrab\n|-resisted|p2a: Headcrab\n|-damage|p2a: Headcrab|37/100\n|\n|-weather|Snowscape|[upkeep]\n|-end|p1a: Iron Moth|move: Future Sight\n|-supereffective|p1a: Iron Moth\n|-end|p1a: Iron Moth|Substitute\n|upkeep\n|turn|20\n|\n|t:|1788282873\n|move|p1a: Iron Moth|Fiery Dance|p2a: Headcrab\n|-damage|p2a: Headcrab|3/100\n|move|p2a: Headcrab|Future Sight|p1a: Iron Moth\n|-start|p2a: Headcrab|move: Future Sight\n|\n|-weather|Snowscape|[upkeep]\n|upkeep\n|turn|21\n|\n|t:|1788282878\n|move|p1a: Iron Moth|Substitute|p1a: Iron Moth\n|-start|p1a: Iron Moth|Substitute\n|-damage|p1a: Iron Moth|9/100\n|move|p2a: Headcrab|Sludge Bomb|p1a: Iron Moth\n|-resisted|p1a: Iron Moth\n|-activate|p1a: Iron Moth|move: Substitute|[damage]\n|\n|-weather|Snowscape|[upkeep]\n|upkeep\n|turn|22\n|\n|t:|1788282887\n|move|p1a: Iron Moth|Fiery Dance|p2a: Headcrab\n|-damage|p2a: Headcrab|0 fnt\n|-boost|p1a: Iron Moth|spa|1\n|faint|p2a: Headcrab\n|\n|-weather|none\n|-end|p1a: Iron Moth|move: Future Sight\n|-supereffective|p1a: Iron Moth\n|-crit|p1a: Iron Moth\n|-end|p1a: Iron Moth|Substitute\n|upkeep\n|\n|t:|1788282890\n|switch|p2a: Doggo|Arcanine-Hisui, F, tera:Normal|100/100\n|-activate|p2a: Doggo|move: Sticky Web\n|-unboost|p2a: Doggo|spe|1\n|turn|23\n|\n|t:|1788282895\n|move|p2a: Doggo|Extreme Speed|p1a: Iron Moth\n|-damage|p1a: Iron Moth|0 fnt\n|faint|p1a: Iron Moth\n|-end|p1a: Iron Moth|Quark Drive|[silent]\n|\n|upkeep\n|\n|t:|1788282897\n|switch|p1a: Great Tusk|Great Tusk|61/100\n|-damage|p1a: Great Tusk|58/100|[from] Stealth Rock\n|-damage|p1a: Great Tusk|42/100|[from] Spikes\n|turn|24\n|\n|t:|1788282903\n|move|p2a: Doggo|Extreme Speed|p1a: Great Tusk\n|-damage|p1a: Great Tusk|0 fnt\n|faint|p1a: Great Tusk\n|-end|p1a: Great Tusk|Protosynthesis|[silent]\n|\n|upkeep\n|\n|t:|1788282906\n|switch|p1a: Ogerpon|Ogerpon-Wellspring, F|100/100\n|-damage|p1a: Ogerpon|88/100|[from] Stealth Rock\n|-damage|p1a: Ogerpon|72/100|[from] Spikes\n|turn|25\n|\n|t:|1788282908\n|move|p2a: Doggo|Extreme Speed|p1a: Ogerpon\n|-damage|p1a: Ogerpon|0 fnt\n|faint|p1a: Ogerpon\n|\n|win|josemgv357\n|raw|like gold's rating: 1549 &rarr; <strong>1529</strong><br />(-20 for losing)\n|raw|josemgv357's rating: 1541 &rarr; <strong>1561</strong><br />(+20 for winning)\n|c|\u2606josemgv357|gg\n|l|\u2606like gold\n|player|p1|\n|l|\u2606josemgv357\n|player|p2|\n", "uploadtime": 1788283164, "views": "6", "formatid": "gen9ou", "rating": 1529, "private": 0, "password": null}