{"id": "gen9ou-2674003267", "format": "[Gen 9] OU", "players": ["i sell weed-le", "Acastillo631"], "log": "|j|\u2606i sell weed-le\n|j|\u2606Acastillo631\n|t:|1788287031\n|gametype|singles\n|player|p1|i sell weed-le|clemont|1645\n|player|p2|Acastillo631|silver|1685\n|gen|9\n|tier|[Gen 9] OU\n|rated|\n|rule|HP Percentage Mod: HP is shown in percentages\n|rule|Endless Battle Clause: Forcing endless battles is banned\n|rule|Species Clause: Limit one of each Pok\u00e9mon\n|rule|OHKO Clause: OHKO moves are banned\n|rule|Evasion Items Clause: Evasion items are banned\n|rule|Evasion Moves Clause: Evasion moves are banned\n|rule|Evasion Abilities Clause: Evasion abilities are banned\n|rule|Sleep Moves Clause: Sleep-inducing moves are banned\n|clearpoke\n|poke|p1|Sinistcha|\n|poke|p1|Gliscor, F|\n|poke|p1|Alomomola, F|\n|poke|p1|Latias, F|\n|poke|p1|Samurott-Hisui, M|\n|poke|p1|Gholdengo|\n|poke|p2|Iron Valiant|\n|poke|p2|Sinistcha|\n|poke|p2|Klefki, M|\n|poke|p2|Iron Treads|\n|poke|p2|Tyranitar, F|\n|poke|p2|Samurott-Hisui, M|\n|teampreview\n|inactive|Battle timer is ON: inactive players will automatically lose when time's up. (requested by i sell weed-le)\n|\n|t:|1788287047\n|teamsize|p1|6\n|teamsize|p2|6\n|start\n|switch|p1a: Gliscor|Gliscor, F|100/100\n|switch|p2a: Redips|Klefki, M|100/100\n|turn|1\n|\n|t:|1788287054\n|move|p2a: Redips|Spikes|p1a: Gliscor\n|-sidestart|p1: i sell weed-le|Spikes\n|move|p1a: Gliscor|Stealth Rock|p2a: Redips\n|-sidestart|p2: Acastillo631|move: Stealth Rock\n|\n|-status|p1a: Gliscor|tox|[from] item: Toxic Orb\n|upkeep\n|turn|2\n|\n|t:|1788287059\n|switch|p2a: Blade Armor|Samurott-Hisui, M|100/100\n|move|p1a: Gliscor|Earthquake|p2a: Blade Armor\n|-damage|p2a: Blade Armor|58/100\n|\n|upkeep\n|turn|3\n|\n|t:|1788287065\n|switch|p1a: Alomomola|Alomomola, F|100/100\n|move|p2a: Blade Armor|Knock Off|p1a: Alomomola\n|-damage|p1a: Alomomola|76/100\n|-enditem|p1a: Alomomola|Heavy-Duty Boots|[from] move: Knock Off|[of] p2a: Blade Armor\n|\n|upkeep\n|turn|4\n|\n|t:|1788287071\n|move|p2a: Blade Armor|Ceaseless Edge|p1a: Alomomola\n|-damage|p1a: Alomomola|53/100\n|-sidestart|p1: i sell weed-le|Spikes\n|move|p1a: Alomomola|Flip Turn|p2a: Blade Armor\n|-resisted|p2a: Blade Armor\n|-damage|p2a: Blade Armor|48/100\n|\n|t:|1788287074\n|switch|p1a: Samurott|Samurott-Hisui, M|100/100|[from] Flip Turn\n|-damage|p1a: Samurott|84/100|[from] Spikes\n|\n|upkeep\n|turn|5\n|\n|t:|1788287078\n|switch|p2a: Redips|Klefki, M|100/100\n|-damage|p2a: Redips|95/100|[from] Stealth Rock\n|move|p1a: Samurott|Sacred Sword|p2a: Redips\n|-damage|p2a: Redips|63/100\n|-damage|p1a: Samurott|67/100|[from] item: Rocky Helmet|[of] p2a: Redips\n|\n|upkeep\n|turn|6\n|\n|t:|1788287083\n|switch|p1a: Gliscor|Gliscor, F|100/100 tox\n|move|p2a: Redips|Dazzling Gleam|p1a: Gliscor\n|-damage|p1a: Gliscor|82/100 tox\n|\n|-heal|p1a: Gliscor|94/100 tox|[from] ability: Poison Heal\n|upkeep\n|turn|7\n|inactive|Acastillo631 has 120 seconds left.\n|\n|t:|1788287119\n|move|p2a: Redips|Magnet Rise|p2a: Redips\n|-start|p2a: Redips|Magnet Rise\n|move|p1a: Gliscor|Earthquake|p2a: Redips\n|-immune|p2a: Redips\n|\n|-heal|p1a: Gliscor|100/100 tox|[from] ability: Poison Heal\n|upkeep\n|turn|8\n|\n|t:|1788287123\n|move|p2a: Redips|Spikes|p1a: Gliscor\n|-sidestart|p1: i sell weed-le|Spikes\n|move|p1a: Gliscor|Knock Off|p2a: Redips\n|-resisted|p2a: Redips\n|-damage|p2a: Redips|54/100\n|-damage|p1a: Gliscor|84/100 tox|[from] item: Rocky Helmet|[of] p2a: Redips\n|-enditem|p2a: Redips|Rocky Helmet|[from] move: Knock Off|[of] p1a: Gliscor\n|\n|-heal|p1a: Gliscor|96/100 tox|[from] ability: Poison Heal\n|upkeep\n|turn|9\n|\n|t:|1788287129\n|switch|p2a: Armored Armadillo|Iron Treads|100/100\n|-damage|p2a: Armored Armadillo|97/100|[from] Stealth Rock\n|-item|p2a: Armored Armadillo|Air Balloon\n|move|p1a: Gliscor|Knock Off|p2a: Armored Armadillo\n|-damage|p2a: Armored Armadillo|77/100\n|-enditem|p2a: Armored Armadillo|Air Balloon\n|\n|-heal|p1a: Gliscor|100/100 tox|[from] ability: Poison Heal\n|upkeep\n|turn|10\n|\n|t:|1788287133\n|move|p2a: Armored Armadillo|Ice Spinner|p1a: Gliscor\n|-supereffective|p1a: Gliscor\n|-damage|p1a: Gliscor|25/100 tox\n|move|p1a: Gliscor|Earthquake|p2a: Armored Armadillo\n|-supereffective|p2a: Armored Armadillo\n|-damage|p2a: Armored Armadillo|21/100\n|\n|-heal|p1a: Gliscor|37/100 tox|[from] ability: Poison Heal\n|upkeep\n|turn|11\n|\n|t:|1788287137\n|move|p1a: Gliscor|Protect|p1a: Gliscor\n|-singleturn|p1a: Gliscor|Protect\n|move|p2a: Armored Armadillo|Earthquake|p1a: Gliscor\n|-activate|p1a: Gliscor|move: Protect\n|\n|-heal|p1a: Gliscor|50/100 tox|[from] ability: Poison Heal\n|upkeep\n|turn|12\n|\n|t:|1788287142\n|switch|p1a: Alomomola|Alomomola, F|86/100\n|-damage|p1a: Alomomola|61/100|[from] Spikes\n|move|p2a: Armored Armadillo|Ice Spinner|p1a: Alomomola\n|-resisted|p1a: Alomomola\n|-damage|p1a: Alomomola|55/100\n|\n|upkeep\n|turn|13\n|\n|t:|1788287150\n|switch|p1a: Sinistcha|Sinistcha|100/100\n|move|p2a: Armored Armadillo|Earthquake|p1a: Sinistcha\n|-resisted|p1a: Sinistcha\n|-damage|p1a: Sinistcha|84/100\n|\n|upkeep\n|turn|14\n|\n|t:|1788287161\n|-end|p2a: Armored Armadillo|Quark Drive|[silent]\n|switch|p2a: Eregion|Tyranitar, F|100/100\n|-damage|p2a: Eregion|88/100|[from] Stealth Rock\n|-weather|Sandstorm|[from] ability: Sand Stream|[of] p2a: Eregion\n|move|p1a: Sinistcha|Matcha Gotcha|p2a: Eregion\n|-supereffective|p2a: Eregion\n|-damage|p2a: Eregion|61/100\n|-heal|p1a: Sinistcha|99/100|[from] drain|[of] p2a: Eregion\n|\n|-weather|Sandstorm|[upkeep]\n|-damage|p1a: Sinistcha|94/100|[from] Sandstorm\n|-heal|p2a: Eregion|67/100|[from] item: Leftovers\n|upkeep\n|turn|15\n|\n|t:|1788287171\n|switch|p1a: Alomomola|Alomomola, F|88/100\n|-damage|p1a: Alomomola|63/100|[from] Spikes\n|move|p2a: Eregion|Stealth Rock|p1a: Alomomola\n|-sidestart|p1: i sell weed-le|move: Stealth Rock\n|\n|-weather|Sandstorm|[upkeep]\n|-damage|p1a: Alomomola|57/100|[from] Sandstorm\n|-heal|p2a: Eregion|73/100|[from] item: Leftovers\n|upkeep\n|turn|16\n|\n|t:|1788287178\n|move|p1a: Alomomola|Wish|p1a: Alomomola\n|move|p2a: Eregion|Roar|p1a: Alomomola\n|drag|p1a: Gholdengo|Gholdengo|100/100\n|\n|-weather|Sandstorm|[upkeep]\n|-heal|p2a: Eregion|79/100|[from] item: Leftovers\n|upkeep\n|turn|17\n|\n|t:|1788287198\n|move|p1a: Gholdengo|Nasty Plot|p1a: Gholdengo\n|-boost|p1a: Gholdengo|spa|2\n|move|p2a: Eregion|Knock Off|p1a: Gholdengo\n|-supereffective|p1a: Gholdengo\n|-crit|p1a: Gholdengo\n|-damage|p1a: Gholdengo|17/100\n|-enditem|p1a: Gholdengo|Heavy-Duty Boots|[from] move: Knock Off|[of] p2a: Eregion\n|\n|-weather|Sandstorm|[upkeep]\n|-heal|p1a: Gholdengo|88/100|[from] move: Wish|[wisher] Alomomola\n|-heal|p2a: Eregion|85/100|[from] item: Leftovers\n|upkeep\n|turn|18\n|\n|t:|1788287211\n|switch|p2a: Redips|Klefki, M|54/100\n|-damage|p2a: Redips|48/100|[from] Stealth Rock\n|move|p1a: Gholdengo|Make It Rain|p2a: Redips\n|-damage|p2a: Redips|0 fnt\n|-unboost|p1a: Gholdengo|spa|1\n|faint|p2a: Redips\n|\n|-weather|none\n|upkeep\n|\n|t:|1788287217\n|switch|p2a: Armored Armadillo|Iron Treads|21/100\n|-damage|p2a: Armored Armadillo|18/100|[from] Stealth Rock\n|turn|19\n|\n|t:|1788287219\n|move|p2a: Armored Armadillo|Earthquake|p1a: Gholdengo\n|-supereffective|p1a: Gholdengo\n|-damage|p1a: Gholdengo|30/100\n|move|p1a: Gholdengo|Shadow Ball|p2a: Armored Armadillo\n|-damage|p2a: Armored Armadillo|0 fnt\n|faint|p2a: Armored Armadillo\n|-end|p2a: Armored Armadillo|Quark Drive|[silent]\n|\n|upkeep\n|\n|t:|1788287222\n|switch|p2a: Blade Armor|Samurott-Hisui, M|48/100\n|turn|20\n|\n|t:|1788287227\n|move|p2a: Blade Armor|Razor Shell|p1a: Gholdengo\n|-damage|p1a: Gholdengo|0 fnt\n|faint|p1a: Gholdengo\n|\n|upkeep\n|\n|t:|1788287231\n|switch|p1a: Samurott|Samurott-Hisui, M|67/100\n|-damage|p1a: Samurott|43/100|[from] Spikes\n|-damage|p1a: Samurott|30/100|[from] Stealth Rock\n|turn|21\n|inactive|Acastillo631 has 120 seconds left.\n|inactive|Acastillo631 has 90 seconds left.\n|\n|t:|1788287294\n|switch|p2a: Sage Harpuia|Iron Valiant|100/100\n|-damage|p2a: Sage Harpuia|94/100|[from] Stealth Rock\n|-enditem|p2a: Sage Harpuia|Booster Energy\n|-activate|p2a: Sage Harpuia|ability: Quark Drive|[fromitem]\n|-start|p2a: Sage Harpuia|quarkdrivespe\n|move|p1a: Samurott|Ceaseless Edge|p2a: Sage Harpuia\n|-resisted|p2a: Sage Harpuia\n|-damage|p2a: Sage Harpuia|80/100\n|-sidestart|p2: Acastillo631|Spikes\n|\n|upkeep\n|turn|22\n|inactive|i sell weed-le has 120 seconds left.\n|\n|t:|1788287343\n|move|p2a: Sage Harpuia|Moonblast|p1a: Samurott\n|-supereffective|p1a: Samurott\n|-damage|p1a: Samurott|0 fnt\n|faint|p1a: Samurott\n|\n|upkeep\n|inactive|i sell weed-le has 90 seconds left.\n|j| G-Cis91\n|\n|t:|1788287387\n|switch|p1a: Sinistcha|Sinistcha|94/100\n|turn|23\n|\n|t:|1788287406\n|move|p2a: Sage Harpuia|Moonblast|p1a: Sinistcha\n|-damage|p1a: Sinistcha|43/100\n|move|p1a: Sinistcha|Matcha Gotcha|p2a: Sage Harpuia|[miss]\n|-miss|p1a: Sinistcha|p2a: Sage Harpuia\n|\n|upkeep\n|turn|24\n|c|\u2606i sell weed-le|ofc.\n|\n|t:|1788287415\n|move|p2a: Sage Harpuia|Moonblast|p1a: Sinistcha\n|-damage|p1a: Sinistcha|0 fnt\n|faint|p1a: Sinistcha\n|\n|upkeep\n|c|\u2606i sell weed-le|fkn bs\n|\n|t:|1788287419\n|switch|p1a: Gliscor|Gliscor, F|50/100 tox\n|-damage|p1a: Gliscor|37/100 tox|[from] Stealth Rock\n|turn|25\n|inactive|Acastillo631 has 90 seconds left.\n|inactive|Acastillo631 has 60 seconds left.\n|\n|t:|1788287482\n|move|p1a: Gliscor|Protect|p1a: Gliscor\n|-singleturn|p1a: Gliscor|Protect\n|move|p2a: Sage Harpuia|Moonblast|p1a: Gliscor\n|-activate|p1a: Gliscor|move: Protect\n|\n|-heal|p1a: Gliscor|50/100 tox|[from] ability: Poison Heal\n|upkeep\n|turn|26\n|\n|t:|1788287485\n|move|p2a: Sage Harpuia|Moonblast|p1a: Gliscor\n|-damage|p1a: Gliscor|10/100 tox\n|move|p1a: Gliscor|Earthquake|p2a: Sage Harpuia\n|-damage|p2a: Sage Harpuia|39/100\n|\n|-heal|p1a: Gliscor|23/100 tox|[from] ability: Poison Heal\n|upkeep\n|turn|27\n|\n|t:|1788287488\n|move|p2a: Sage Harpuia|Moonblast|p1a: Gliscor\n|-damage|p1a: Gliscor|0 fnt\n|faint|p1a: Gliscor\n|\n|upkeep\n|\n|t:|1788287492\n|switch|p1a: Latias|Latias, F|100/100\n|-damage|p1a: Latias|88/100|[from] Stealth Rock\n|turn|28\n|inactive|Acastillo631 has 90 seconds left.\n|\n|t:|1788287503\n|-terastallize|p1a: Latias|Steel\n|move|p2a: Sage Harpuia|Close Combat|p1a: Latias\n|-supereffective|p1a: Latias\n|-damage|p1a: Latias|11/100\n|-unboost|p2a: Sage Harpuia|def|1\n|-unboost|p2a: Sage Harpuia|spd|1\n|move|p1a: Latias|Calm Mind|p1a: Latias\n|-boost|p1a: Latias|spa|1\n|-boost|p1a: Latias|spd|1\n|\n|-heal|p1a: Latias|17/100|[from] item: Leftovers\n|upkeep\n|turn|29\n|-message|i sell weed-le forfeited.\n|\n|win|Acastillo631\n|raw|i sell weed-le's rating: 1645 &rarr; <strong>1627</strong><br />(-18 for losing)\n|raw|Acastillo631's rating: 1685 &rarr; <strong>1703</strong><br />(+18 for winning)\n|l|\u2606Acastillo631\n|player|p2|\n|l| G-Cis91\n", "uploadtime": 1788287652, "views": "0", "formatid": "gen9ou", "rating": 1627, "private": 0, "password": null}