{"id": "gen9ou-2673889104", "format": "[Gen 9] OU", "players": ["AdriMen7", "orianna_ball_me"], "log": "|j|\u2606AdriMen7\n|j|\u2606orianna_ball_me\n|t:|1788273448\n|gametype|singles\n|player|p1|AdriMen7|cheren|1349\n|player|p2|orianna_ball_me|lady-gen4|1450\n|gen|9\n|tier|[Gen 9] OU\n|rated|\n|rule|HP Percentage Mod: HP is shown in percentages\n|rule|Endless Battle Clause: Forcing endless battles is banned\n|rule|Species Clause: Limit one of each Pok\u00e9mon\n|rule|OHKO Clause: OHKO moves are banned\n|rule|Evasion Items Clause: Evasion items are banned\n|rule|Evasion Moves Clause: Evasion moves are banned\n|rule|Evasion Abilities Clause: Evasion abilities are banned\n|rule|Sleep Moves Clause: Sleep-inducing moves are banned\n|clearpoke\n|poke|p1|Pelipper, M|\n|poke|p1|Barraskewda, M|\n|poke|p1|Raging Bolt|\n|poke|p1|Iron Treads|\n|poke|p1|Overqwil, F|\n|poke|p1|Kingambit, F|\n|poke|p2|Dragapult, M|\n|poke|p2|Munkidori, M|\n|poke|p2|Great Tusk|\n|poke|p2|Gholdengo|\n|poke|p2|Samurott-Hisui, F|\n|poke|p2|Zapdos|\n|teampreview\n|inactive|Battle timer is ON: inactive players will automatically lose when time's up. (requested by AdriMen7)\n|c|\u2606AdriMen7|glhf\n|\n|t:|1788273454\n|teamsize|p1|6\n|teamsize|p2|6\n|start\n|switch|p1a: PeliGOAT|Pelipper, M, shiny|100/100\n|switch|p2a: Dragapult|Dragapult, M, shiny|100/100\n|-weather|RainDance|[from] ability: Drizzle|[of] p1a: PeliGOAT\n|turn|1\n|\n|t:|1788273460\n|move|p2a: Dragapult|Dragon Darts|p1a: PeliGOAT\n|-damage|p1a: PeliGOAT|68/100\n|-anim|p2a: Dragapult|Dragon Darts|p1a: PeliGOAT\n|-damage|p1a: PeliGOAT|35/100\n|move|p1a: PeliGOAT|U-turn|p2a: Dragapult\n|-resisted|p2a: Dragapult\n|-damage|p2a: Dragapult|95/100\n|\n|t:|1788273466\n|switch|p1a: Overfih|Overqwil, F, shiny|100/100|[from] U-turn\n|\n|-weather|RainDance|[upkeep]\n|upkeep\n|turn|2\n|\n|t:|1788273473\n|switch|p2a: Samurott|Samurott-Hisui, F, shiny|100/100\n|move|p1a: Overfih|Crunch|p2a: Samurott\n|-resisted|p2a: Samurott\n|-damage|p2a: Samurott|72/100\n|-unboost|p2a: Samurott|def|1\n|-damage|p1a: Overfih|91/100|[from] item: Life Orb\n|\n|-weather|RainDance|[upkeep]\n|upkeep\n|turn|3\n|\n|t:|1788273482\n|move|p1a: Overfih|Gunk Shot|p2a: Samurott\n|-damage|p2a: Samurott|0 fnt\n|faint|p2a: Samurott\n|-damage|p1a: Overfih|81/100|[from] item: Life Orb\n|\n|-weather|RainDance|[upkeep]\n|upkeep\n|\n|t:|1788273495\n|switch|p2a: Great Tusk|Great Tusk, shiny|100/100\n|turn|4\n|\n|t:|1788273502\n|-terastallize|p1a: Overfih|Water\n|move|p1a: Overfih|Liquidation|p2a: Great Tusk\n|-supereffective|p2a: Great Tusk\n|-damage|p2a: Great Tusk|19/100\n|-unboost|p2a: Great Tusk|def|1\n|-damage|p1a: Overfih|71/100|[from] item: Life Orb\n|move|p2a: Great Tusk|Stealth Rock|p1a: Overfih\n|-sidestart|p1: AdriMen7|move: Stealth Rock\n|\n|-weather|RainDance|[upkeep]\n|-heal|p2a: Great Tusk|25/100|[from] item: Leftovers\n|upkeep\n|turn|5\n|\n|t:|1788273515\n|move|p1a: Overfih|Liquidation|p2a: Great Tusk\n|-supereffective|p2a: Great Tusk\n|-damage|p2a: Great Tusk|0 fnt\n|faint|p2a: Great Tusk\n|-end|p2a: Great Tusk|Protosynthesis|[silent]\n|-damage|p1a: Overfih|62/100|[from] item: Life Orb\n|\n|-weather|RainDance|[upkeep]\n|upkeep\n|\n|t:|1788273523\n|switch|p2a: Dragapult|Dragapult, M, shiny|95/100\n|turn|6\n|\n|t:|1788273529\n|-terastallize|p2a: Dragapult|Fighting\n|move|p1a: Overfih|Crunch|p2a: Dragapult\n|-resisted|p2a: Dragapult\n|-damage|p2a: Dragapult|55/100\n|-damage|p1a: Overfih|52/100|[from] item: Life Orb\n|move|p2a: Dragapult|Dragon Darts|p1a: Overfih\n|-damage|p1a: Overfih|6/100\n|-anim|p2a: Dragapult|Dragon Darts|p1a: Overfih\n|-damage|p1a: Overfih|0 fnt\n|faint|p1a: Overfih\n|\n|-weather|RainDance|[upkeep]\n|upkeep\n|\n|t:|1788273539\n|switch|p1a: DUM30|Iron Treads|100/100\n|-damage|p1a: DUM30|97/100|[from] Stealth Rock\n|-enditem|p1a: DUM30|Booster Energy\n|-activate|p1a: DUM30|ability: Quark Drive|[fromitem]\n|-start|p1a: DUM30|quarkdrivespe\n|turn|7\n|\n|t:|1788273545\n|switch|p2a: Gholdengo|Gholdengo, shiny|100/100\n|move|p1a: DUM30|Steel Beam|p2a: Gholdengo\n|-resisted|p2a: Gholdengo\n|-damage|p2a: Gholdengo|72/100\n|-damage|p1a: DUM30|47/100|[from] steelbeam\n|\n|-weather|RainDance|[upkeep]\n|upkeep\n|turn|8\n|\n|t:|1788273553\n|move|p1a: DUM30|Earth Power|p2a: Gholdengo\n|-supereffective|p2a: Gholdengo\n|-damage|p2a: Gholdengo|4/100\n|move|p2a: Gholdengo|Shadow Ball|p1a: DUM30\n|-damage|p1a: DUM30|0 fnt\n|faint|p1a: DUM30\n|-end|p1a: DUM30|Quark Drive|[silent]\n|\n|-weather|none\n|upkeep\n|\n|t:|1788273559\n|switch|p1a: PeliGOAT|Pelipper, M, shiny|35/100\n|-damage|p1a: PeliGOAT|11/100|[from] Stealth Rock\n|-weather|RainDance|[from] ability: Drizzle|[of] p1a: PeliGOAT\n|turn|9\n|\n|t:|1788273566\n|switch|p1a: SucKING|Kingambit, F|100/100\n|-damage|p1a: SucKING|94/100|[from] Stealth Rock\n|-activate|p1a: SucKING|ability: Supreme Overlord\n|-start|p1a: SucKING|fallen2|[silent]\n|move|p2a: Gholdengo|Shadow Ball|p1a: SucKING\n|-resisted|p1a: SucKING\n|-damage|p1a: SucKING|76/100\n|\n|-weather|RainDance|[upkeep]\n|-heal|p1a: SucKING|82/100|[from] item: Leftovers\n|upkeep\n|turn|10\n|\n|t:|1788273577\n|move|p2a: Gholdengo|Recover|p2a: Gholdengo\n|-heal|p2a: Gholdengo|54/100\n|move|p1a: SucKING|Kowtow Cleave|p2a: Gholdengo\n|-supereffective|p2a: Gholdengo\n|-damage|p2a: Gholdengo|0 fnt\n|faint|p2a: Gholdengo\n|\n|-weather|RainDance|[upkeep]\n|-heal|p1a: SucKING|88/100|[from] item: Leftovers\n|upkeep\n|\n|t:|1788273585\n|switch|p2a: Zapdos|Zapdos, shiny|100/100\n|turn|11\n|\n|t:|1788273597\n|-end|p1a: SucKING|fallen2|[silent]\n|switch|p1a: PeliGOAT|Pelipper, M, shiny|11/100\n|-damage|p1a: PeliGOAT|0 fnt|[from] Stealth Rock\n|faint|p1a: PeliGOAT\n|move|p2a: Zapdos|Hurricane|p1: PeliGOAT|[notarget]\n|-fail|p2a: Zapdos\n|\n|-weather|RainDance|[upkeep]\n|upkeep\n|\n|t:|1788273600\n|switch|p1a: Thor|Raging Bolt|100/100\n|-damage|p1a: Thor|88/100|[from] Stealth Rock\n|-enditem|p1a: Thor|Booster Energy\n|-activate|p1a: Thor|ability: Protosynthesis|[fromitem]\n|-start|p1a: Thor|protosynthesisspa\n|turn|12\n|\n|t:|1788273609\n|move|p2a: Zapdos|Volt Switch|p1a: Thor\n|-resisted|p1a: Thor\n|-damage|p1a: Thor|81/100\n|\n|t:|1788273612\n|switch|p2a: Munkidori|Munkidori, M|100/100|[from] Volt Switch\n|move|p1a: Thor|Thunder|p2a: Munkidori\n|-damage|p2a: Munkidori|4/100\n|\n|-weather|RainDance|[upkeep]\n|upkeep\n|turn|13\n|\n|t:|1788273622\n|move|p1a: Thor|Thunderclap|p2a: Munkidori\n|-damage|p2a: Munkidori|0 fnt\n|faint|p2a: Munkidori\n|\n|-weather|RainDance|[upkeep]\n|upkeep\n|\n|t:|1788273627\n|switch|p2a: Dragapult|Dragapult, M, shiny, tera:Fighting|55/100\n|turn|14\n|\n|t:|1788273631\n|move|p2a: Dragapult|Dragon Darts|p1a: Thor\n|-supereffective|p1a: Thor\n|-damage|p1a: Thor|10/100\n|-anim|p2a: Dragapult|Dragon Darts|p1a: Thor\n|-supereffective|p1a: Thor\n|-damage|p1a: Thor|0 fnt\n|faint|p1a: Thor\n|-end|p1a: Thor|Protosynthesis|[silent]\n|\n|-weather|RainDance|[upkeep]\n|upkeep\n|\n|t:|1788273634\n|switch|p1a: Fihssile|Barraskewda, M, shiny|100/100\n|-damage|p1a: Fihssile|88/100|[from] Stealth Rock\n|turn|15\n|\n|t:|1788273641\n|switch|p2a: Zapdos|Zapdos, shiny|100/100\n|move|p1a: Fihssile|Liquidation|p2a: Zapdos\n|-damage|p2a: Zapdos|0 fnt\n|faint|p2a: Zapdos\n|\n|-weather|RainDance|[upkeep]\n|upkeep\n|c|\u2606AdriMen7|thanks rng\n|c|\u2606AdriMen7|gg\n|\n|t:|1788273649\n|switch|p2a: Dragapult|Dragapult, M, shiny, tera:Fighting|55/100\n|turn|16\n|\n|t:|1788273651\n|move|p2a: Dragapult|Sucker Punch|p1a: Fihssile\n|-damage|p1a: Fihssile|20/100\n|move|p1a: Fihssile|Liquidation|p2a: Dragapult\n|-damage|p2a: Dragapult|0 fnt\n|faint|p2a: Dragapult\n|\n|win|AdriMen7\n|raw|AdriMen7's rating: 1349 &rarr; <strong>1375</strong><br />(+26 for winning)\n|raw|orianna_ball_me's rating: 1450 &rarr; <strong>1424</strong><br />(-26 for losing)\n|l|\u2606AdriMen7\n|player|p1|\n|l|\u2606orianna_ball_me\n|player|p2|\n", "uploadtime": 1788273927, "views": "0", "formatid": "gen9ou", "rating": 1375, "private": 0, "password": null}