{"id": "gen9ou-2674063535", "format": "[Gen 9] OU", "players": ["newaccffs", "hindus curry"], "log": "|j|\u2606newaccffs\n|j|\u2606hindus curry\n|t:|1788294252\n|gametype|singles\n|player|p1|newaccffs|2|1416\n|player|p2|hindus curry|2|1463\n|gen|9\n|tier|[Gen 9] OU\n|rated|\n|rule|HP Percentage Mod: HP is shown in percentages\n|rule|Endless Battle Clause: Forcing endless battles is banned\n|rule|Species Clause: Limit one of each Pok\u00e9mon\n|rule|OHKO Clause: OHKO moves are banned\n|rule|Evasion Items Clause: Evasion items are banned\n|rule|Evasion Moves Clause: Evasion moves are banned\n|rule|Evasion Abilities Clause: Evasion abilities are banned\n|rule|Sleep Moves Clause: Sleep-inducing moves are banned\n|clearpoke\n|poke|p1|Rillaboom, M|\n|poke|p1|Ogerpon-Cornerstone, F|\n|poke|p1|Pecharunt|\n|poke|p1|Raging Bolt|\n|poke|p1|Cinderace, F|\n|poke|p1|Kyurem|\n|poke|p2|Slither Wing|\n|poke|p2|Great Tusk|\n|poke|p2|Ninetales, M|\n|poke|p2|Walking Wake|\n|poke|p2|Heatran, F|\n|poke|p2|Whimsicott, F|\n|teampreview\n|inactive|Battle timer is ON: inactive players will automatically lose when time's up. (requested by hindus curry)\n|\n|t:|1788294268\n|teamsize|p1|6\n|teamsize|p2|6\n|start\n|switch|p1a: Raging Bolt|Raging Bolt|100/100\n|switch|p2a: Ninetales|Ninetales, M|100/100\n|-weather|SunnyDay|[from] ability: Drought|[of] p2a: Ninetales\n|-activate|p1a: Raging Bolt|ability: Protosynthesis\n|-start|p1a: Raging Bolt|protosynthesisspa\n|turn|1\n|inactive|hindus curry has 120 seconds left.\n|\n|t:|1788294315\n|switch|p2a: Whimsicott|Whimsicott, F|100/100\n|move|p1a: Raging Bolt|Dragon Pulse|p2a: Whimsicott\n|-immune|p2a: Whimsicott\n|\n|-weather|SunnyDay|[upkeep]\n|upkeep\n|turn|2\n|\n|t:|1788294325\n|-end|p1a: Raging Bolt|Protosynthesis|[silent]\n|switch|p1a: Cinderace|Cinderace, F|100/100\n|move|p2a: Whimsicott|U-turn|p1a: Cinderace\n|-resisted|p1a: Cinderace\n|-damage|p1a: Cinderace|94/100\n|\n|t:|1788294329\n|switch|p2a: Great Tusk|Great Tusk|100/100|[from] U-turn\n|-activate|p2a: Great Tusk|ability: Protosynthesis\n|-start|p2a: Great Tusk|protosynthesisspe\n|\n|-weather|SunnyDay|[upkeep]\n|upkeep\n|turn|3\n|inactive|hindus curry has 120 seconds left.\n|\n|t:|1788294339\n|-end|p2a: Great Tusk|Protosynthesis|[silent]\n|switch|p2a: Walking Wake|Walking Wake|100/100\n|-activate|p2a: Walking Wake|ability: Protosynthesis\n|-start|p2a: Walking Wake|protosynthesisspa\n|-terastallize|p1a: Cinderace|Flying\n|move|p1a: Cinderace|Will-O-Wisp|p2a: Walking Wake\n|-status|p2a: Walking Wake|brn\n|\n|-weather|SunnyDay|[upkeep]\n|-damage|p2a: Walking Wake|94/100 brn|[from] brn\n|upkeep\n|turn|4\n|\n|t:|1788294349\n|move|p1a: Cinderace|U-turn|p2a: Walking Wake\n|-crit|p2a: Walking Wake\n|-damage|p2a: Walking Wake|62/100 brn\n|\n|t:|1788294355\n|switch|p1a: Pecharunt|Pecharunt|100/100|[from] U-turn\n|move|p2a: Walking Wake|Draco Meteor|p1a: Pecharunt\n|-damage|p1a: Pecharunt|0 fnt\n|-unboost|p2a: Walking Wake|spa|2\n|faint|p1a: Pecharunt\n|\n|-weather|SunnyDay|[upkeep]\n|-damage|p2a: Walking Wake|56/100 brn|[from] brn\n|upkeep\n|\n|t:|1788294359\n|switch|p1a: Ogerpon|Ogerpon-Cornerstone, F|100/100\n|turn|5\n|\n|t:|1788294378\n|-end|p2a: Walking Wake|Protosynthesis|[silent]\n|switch|p2a: Whimsicott|Whimsicott, F|100/100\n|move|p1a: Ogerpon|Ivy Cudgel|p2a: Whimsicott|[anim] Ivy Cudgel Rock\n|-damage|p2a: Whimsicott|9/100\n|\n|-weather|SunnyDay|[upkeep]\n|upkeep\n|turn|6\n|\n|t:|1788294385\n|switch|p1a: Cinderace|Cinderace, F, tera:Flying|94/100\n|move|p2a: Whimsicott|U-turn|p1a: Cinderace\n|-resisted|p1a: Cinderace\n|-damage|p1a: Cinderace|88/100\n|\n|t:|1788294400\n|switch|p2a: Walking Wake|Walking Wake|56/100 brn|[from] U-turn\n|-activate|p2a: Walking Wake|ability: Protosynthesis\n|-start|p2a: Walking Wake|protosynthesisspa\n|\n|-weather|SunnyDay|[upkeep]\n|-damage|p2a: Walking Wake|50/100 brn|[from] brn\n|upkeep\n|turn|7\n|\n|t:|1788294411\n|move|p1a: Cinderace|Pyro Ball|p2a: Walking Wake\n|-resisted|p2a: Walking Wake\n|-damage|p2a: Walking Wake|31/100 brn\n|move|p2a: Walking Wake|Draco Meteor|p1a: Cinderace\n|-damage|p1a: Cinderace|0 fnt\n|-unboost|p2a: Walking Wake|spa|2\n|faint|p1a: Cinderace\n|\n|-weather|SunnyDay|[upkeep]\n|-damage|p2a: Walking Wake|25/100 brn|[from] brn\n|upkeep\n|\n|t:|1788294414\n|switch|p1a: Rillaboom|Rillaboom, M|100/100\n|-fieldstart|move: Grassy Terrain|[from] ability: Grassy Surge|[of] p1a: Rillaboom\n|turn|8\n|\n|t:|1788294424\n|-end|p2a: Walking Wake|Protosynthesis|[silent]\n|switch|p2a: Slither Wing|Slither Wing|100/100\n|-activate|p2a: Slither Wing|ability: Protosynthesis\n|-start|p2a: Slither Wing|protosynthesisspd\n|move|p1a: Rillaboom|Knock Off|p2a: Slither Wing\n|-resisted|p2a: Slither Wing\n|-damage|p2a: Slither Wing|73/100\n|-enditem|p2a: Slither Wing|Assault Vest|[from] move: Knock Off|[of] p1a: Rillaboom\n|-damage|p1a: Rillaboom|91/100|[from] item: Life Orb\n|\n|-weather|none\n|-end|p2a: Slither Wing|Protosynthesis\n|-heal|p1a: Rillaboom|97/100|[from] Grassy Terrain\n|-heal|p2a: Slither Wing|80/100|[from] Grassy Terrain\n|upkeep\n|turn|9\n|inactive|hindus curry has 120 seconds left.\n|inactive|hindus curry has 90 seconds left.\n|\n|t:|1788294495\n|switch|p1a: Raging Bolt|Raging Bolt|100/100\n|-enditem|p1a: Raging Bolt|Grassy Seed\n|-boost|p1a: Raging Bolt|def|1|[from] item: Grassy Seed\n|move|p2a: Slither Wing|U-turn|p1a: Raging Bolt\n|-damage|p1a: Raging Bolt|83/100\n|\n|t:|1788294512\n|-end|p2a: Slither Wing|Protosynthesis|[silent]\n|switch|p2a: Heatran|Heatran, F|100/100|[from] U-turn\n|-item|p2a: Heatran|Air Balloon\n|\n|-heal|p1a: Raging Bolt|89/100|[from] Grassy Terrain\n|upkeep\n|turn|10\n|\n|t:|1788294520\n|move|p2a: Heatran|Taunt|p1a: Raging Bolt\n|-start|p1a: Raging Bolt|move: Taunt\n|cant|p1a: Raging Bolt|move: Taunt|Calm Mind\n|\n|-heal|p1a: Raging Bolt|95/100|[from] Grassy Terrain\n|upkeep\n|turn|11\n|\n|t:|1788294525\n|move|p2a: Heatran|Magma Storm|p1a: Raging Bolt\n|-resisted|p1a: Raging Bolt\n|-damage|p1a: Raging Bolt|72/100\n|-activate|p1a: Raging Bolt|move: Magma Storm|[of] p2a: Heatran\n|move|p1a: Raging Bolt|Thunderbolt|p2a: Heatran\n|-damage|p2a: Heatran|49/100\n|-enditem|p2a: Heatran|Air Balloon\n|\n|-heal|p2a: Heatran|56/100|[from] Grassy Terrain\n|-heal|p1a: Raging Bolt|78/100|[from] Grassy Terrain\n|-damage|p1a: Raging Bolt|65/100|[from] move: Magma Storm|[partiallytrapped]\n|upkeep\n|turn|12\n|\n|t:|1788294532\n|move|p2a: Heatran|Earth Power|p1a: Raging Bolt\n|-supereffective|p1a: Raging Bolt\n|-damage|p1a: Raging Bolt|13/100\n|move|p1a: Raging Bolt|Thunderbolt|p2a: Heatran\n|-damage|p2a: Heatran|0 fnt\n|faint|p2a: Heatran\n|\n|-heal|p1a: Raging Bolt|19/100|[from] Grassy Terrain\n|-end|p1a: Raging Bolt|Magma Storm|[partiallytrapped]|[silent]\n|-end|p1a: Raging Bolt|move: Taunt\n|-fieldend|move: Grassy Terrain\n|upkeep\n|\n|t:|1788294539\n|switch|p2a: Great Tusk|Great Tusk|100/100\n|turn|13\n|\n|t:|1788294541\n|move|p2a: Great Tusk|Headlong Rush|p1a: Raging Bolt\n|-supereffective|p1a: Raging Bolt\n|-damage|p1a: Raging Bolt|0 fnt\n|-unboost|p2a: Great Tusk|def|1\n|-unboost|p2a: Great Tusk|spd|1\n|faint|p1a: Raging Bolt\n|-end|p1a: Raging Bolt|Protosynthesis|[silent]\n|\n|upkeep\n|\n|t:|1788294543\n|switch|p1a: Kyurem|Kyurem|100/100\n|-ability|p1a: Kyurem|Pressure\n|turn|14\n|\n|t:|1788294556\n|-end|p2a: Great Tusk|Protosynthesis|[silent]\n|switch|p2a: Ninetales|Ninetales, M|100/100\n|-weather|SunnyDay|[from] ability: Drought|[of] p2a: Ninetales\n|move|p1a: Kyurem|Dragon Dance|p1a: Kyurem\n|-boost|p1a: Kyurem|atk|1\n|-boost|p1a: Kyurem|spe|1\n|\n|-weather|SunnyDay|[upkeep]\n|upkeep\n|turn|15\n|inactive|hindus curry has 120 seconds left.\n|\n|t:|1788294566\n|move|p1a: Kyurem|Earth Power|p2a: Ninetales\n|-supereffective|p2a: Ninetales\n|-damage|p2a: Ninetales|37/100\n|move|p2a: Ninetales|Will-O-Wisp|p1a: Kyurem\n|-status|p1a: Kyurem|brn\n|\n|-weather|SunnyDay|[upkeep]\n|-damage|p1a: Kyurem|94/100 brn|[from] brn\n|upkeep\n|turn|16\n|inactive|hindus curry has 120 seconds left.\n|\n|t:|1788294577\n|move|p1a: Kyurem|Freeze-Dry|p2a: Ninetales\n|-resisted|p2a: Ninetales\n|-damage|p2a: Ninetales|20/100\n|move|p2a: Ninetales|Healing Wish|p2a: Ninetales\n|faint|p2a: Ninetales\n|\n|-weather|SunnyDay|[upkeep]\n|-damage|p1a: Kyurem|88/100 brn|[from] brn\n|upkeep\n|inactive|hindus curry has 120 seconds left.\n|\n|t:|1788294584\n|switch|p2a: Whimsicott|Whimsicott, F|9/100\n|-heal|p2a: Whimsicott|100/100|[from] move: Healing Wish\n|turn|17\n|\n|t:|1788294587\n|move|p2a: Whimsicott|Moonblast|p1a: Kyurem\n|-supereffective|p1a: Kyurem\n|-damage|p1a: Kyurem|0 fnt\n|faint|p1a: Kyurem\n|\n|-weather|SunnyDay|[upkeep]\n|upkeep\n|\n|t:|1788294595\n|switch|p1a: Rillaboom|Rillaboom, M|97/100\n|-fieldstart|move: Grassy Terrain|[from] ability: Grassy Surge|[of] p1a: Rillaboom\n|turn|18\n|\n|t:|1788294600\n|move|p2a: Whimsicott|Moonblast|p1a: Rillaboom\n|-damage|p1a: Rillaboom|14/100\n|move|p1a: Rillaboom|Swords Dance|p1a: Rillaboom\n|-boost|p1a: Rillaboom|atk|2\n|\n|-weather|SunnyDay|[upkeep]\n|-heal|p1a: Rillaboom|20/100|[from] Grassy Terrain\n|upkeep\n|turn|19\n|\n|t:|1788294610\n|switch|p2a: Walking Wake|Walking Wake|25/100 brn\n|-activate|p2a: Walking Wake|ability: Protosynthesis\n|-start|p2a: Walking Wake|protosynthesisspa\n|move|p1a: Rillaboom|Grassy Glide|p2a: Walking Wake\n|-damage|p2a: Walking Wake|0 fnt\n|faint|p2a: Walking Wake\n|-end|p2a: Walking Wake|Protosynthesis|[silent]\n|-damage|p1a: Rillaboom|10/100|[from] item: Life Orb\n|\n|-weather|SunnyDay|[upkeep]\n|-heal|p1a: Rillaboom|16/100|[from] Grassy Terrain\n|upkeep\n|\n|t:|1788294612\n|switch|p2a: Slither Wing|Slither Wing|80/100\n|-activate|p2a: Slither Wing|ability: Protosynthesis\n|-start|p2a: Slither Wing|protosynthesisspd\n|turn|20\n|\n|t:|1788294617\n|move|p2a: Slither Wing|First Impression|p1a: Rillaboom\n|-supereffective|p1a: Rillaboom\n|-damage|p1a: Rillaboom|0 fnt\n|faint|p1a: Rillaboom\n|\n|-weather|SunnyDay|[upkeep]\n|-heal|p2a: Slither Wing|86/100|[from] Grassy Terrain\n|upkeep\n|\n|t:|1788294621\n|switch|p1a: Ogerpon|Ogerpon-Cornerstone, F|100/100\n|turn|21\n|\n|t:|1788294627\n|move|p1a: Ogerpon|Ivy Cudgel|p2a: Slither Wing|[anim] Ivy Cudgel Rock\n|-crit|p2a: Slither Wing\n|-damage|p2a: Slither Wing|0 fnt\n|faint|p2a: Slither Wing\n|-end|p2a: Slither Wing|Protosynthesis|[silent]\n|\n|-weather|none\n|upkeep\n|\n|t:|1788294634\n|switch|p2a: Whimsicott|Whimsicott, F|100/100\n|turn|22\n|\n|t:|1788294639\n|move|p2a: Whimsicott|Moonblast|p1a: Ogerpon\n|-damage|p1a: Ogerpon|35/100\n|move|p1a: Ogerpon|Trailblaze|p2a: Whimsicott\n|-resisted|p2a: Whimsicott\n|-damage|p2a: Whimsicott|68/100\n|-boost|p1a: Ogerpon|spe|1\n|\n|-heal|p1a: Ogerpon|41/100|[from] Grassy Terrain\n|-heal|p2a: Whimsicott|74/100|[from] Grassy Terrain\n|-fieldend|move: Grassy Terrain\n|upkeep\n|turn|23\n|\n|t:|1788294643\n|move|p1a: Ogerpon|Ivy Cudgel|p2a: Whimsicott|[anim] Ivy Cudgel Rock\n|-damage|p2a: Whimsicott|0 fnt\n|faint|p2a: Whimsicott\n|\n|upkeep\n|\n|t:|1788294645\n|switch|p2a: Great Tusk|Great Tusk|100/100\n|turn|24\n|\n|t:|1788294652\n|-terastallize|p2a: Great Tusk|Steel\n|move|p1a: Ogerpon|Trailblaze|p2a: Great Tusk\n|-resisted|p2a: Great Tusk\n|-damage|p2a: Great Tusk|90/100\n|-boost|p1a: Ogerpon|spe|1\n|move|p2a: Great Tusk|Headlong Rush|p1a: Ogerpon\n|-damage|p1a: Ogerpon|0 fnt\n|-unboost|p2a: Great Tusk|def|1\n|-unboost|p2a: Great Tusk|spd|1\n|faint|p1a: Ogerpon\n|\n|win|hindus curry\n|raw|newaccffs's rating: 1416 &rarr; <strong>1399</strong><br />(-17 for losing)\n|raw|hindus curry's rating: 1463 &rarr; <strong>1480</strong><br />(+17 for winning)\n", "uploadtime": 1788294656, "views": "3", "formatid": "gen9ou", "rating": 1399, "private": 0, "password": null}