{"id": "gen9ou-2673870156", "format": "[Gen 9] OU", "players": ["Mr Tpen", "OUZQ Crocodile"], "log": "|j|\u2606Mr Tpen\n|j|\u2606OUZQ Crocodile\n|t:|1788271084\n|gametype|singles\n|player|p1|Mr Tpen|102|1714\n|player|p2|OUZQ Crocodile|2|1688\n|gen|9\n|tier|[Gen 9] OU\n|rated|\n|rule|HP Percentage Mod: HP is shown in percentages\n|rule|Endless Battle Clause: Forcing endless battles is banned\n|rule|Species Clause: Limit one of each Pok\u00e9mon\n|rule|OHKO Clause: OHKO moves are banned\n|rule|Evasion Items Clause: Evasion items are banned\n|rule|Evasion Moves Clause: Evasion moves are banned\n|rule|Evasion Abilities Clause: Evasion abilities are banned\n|rule|Sleep Moves Clause: Sleep-inducing moves are banned\n|clearpoke\n|poke|p1|Clodsire, M|\n|poke|p1|Toxapex, M|\n|poke|p1|Corviknight, M|\n|poke|p1|Dondozo, M|\n|poke|p1|Clefable, F|\n|poke|p1|Gliscor, M|\n|poke|p2|Gholdengo|\n|poke|p2|Iron Crown|\n|poke|p2|Araquanid, M|\n|poke|p2|Great Tusk|\n|poke|p2|Samurott-Hisui, F|\n|poke|p2|Raging Bolt|\n|teampreview\n|inactive|Battle timer is ON: inactive players will automatically lose when time's up. (requested by Mr Tpen)\n|\n|t:|1788271098\n|teamsize|p1|6\n|teamsize|p2|6\n|start\n|switch|p1a: nothing new there|Gliscor, M|100/100\n|switch|p2a: Great Tusk|Great Tusk|100/100\n|-enditem|p2a: Great Tusk|Booster Energy\n|-activate|p2a: Great Tusk|ability: Protosynthesis|[fromitem]\n|-start|p2a: Great Tusk|protosynthesisatk\n|turn|1\n|\n|t:|1788271103\n|move|p1a: nothing new there|Substitute|p1a: nothing new there\n|-start|p1a: nothing new there|Substitute\n|-damage|p1a: nothing new there|75/100\n|move|p2a: Great Tusk|Ice Spinner|p1a: nothing new there\n|-supereffective|p1a: nothing new there\n|-end|p1a: nothing new there|Substitute\n|\n|-status|p1a: nothing new there|tox|[from] item: Toxic Orb\n|upkeep\n|turn|2\n|\n|t:|1788271111\n|switch|p1a: love this for you|Clefable, F|100/100\n|move|p2a: Great Tusk|Rapid Spin|p1a: love this for you\n|-damage|p1a: love this for you|85/100\n|-boost|p2a: Great Tusk|spe|1\n|\n|-damage|p2a: Great Tusk|88/100|[from] item: Sticky Barb\n|upkeep\n|turn|3\n|\n|t:|1788271122\n|-end|p2a: Great Tusk|Protosynthesis|[silent]\n|switch|p2a: Gholdengo|Gholdengo|100/100\n|-item|p2a: Gholdengo|Air Balloon\n|switch|p1a: per my last turn|Corviknight, M|100/100\n|-ability|p1a: per my last turn|Pressure\n|\n|upkeep\n|turn|4\n|\n|t:|1788271127\n|move|p2a: Gholdengo|Nasty Plot|p2a: Gholdengo\n|-boost|p2a: Gholdengo|spa|2\n|move|p1a: per my last turn|Brave Bird|p2a: Gholdengo\n|-resisted|p2a: Gholdengo\n|-damage|p2a: Gholdengo|78/100\n|-enditem|p2a: Gholdengo|Air Balloon\n|-damage|p1a: per my last turn|95/100|[from] Recoil\n|\n|-heal|p1a: per my last turn|100/100|[from] item: Leftovers\n|upkeep\n|turn|5\n|\n|t:|1788271131\n|move|p1a: per my last turn|Protect|p1a: per my last turn\n|-singleturn|p1a: per my last turn|Protect\n|move|p2a: Gholdengo|Shadow Ball|p1a: per my last turn\n|-activate|p1a: per my last turn|move: Protect\n|\n|upkeep\n|turn|6\n|\n|t:|1788271134\n|switch|p1a: did you calc that?|Clodsire, M|100/100\n|move|p2a: Gholdengo|Make It Rain|p1a: did you calc that?\n|-damage|p1a: did you calc that?|65/100\n|-unboost|p2a: Gholdengo|spa|1\n|\n|upkeep\n|turn|7\n|\n|t:|1788271136\n|switch|p2a: Iron Crown|Iron Crown|100/100\n|-enditem|p2a: Iron Crown|Booster Energy\n|-activate|p2a: Iron Crown|ability: Quark Drive|[fromitem]\n|-start|p2a: Iron Crown|quarkdrivespa\n|move|p1a: did you calc that?|Recover|p1a: did you calc that?\n|-heal|p1a: did you calc that?|100/100\n|\n|upkeep\n|turn|8\n|\n|t:|1788271146\n|-terastallize|p1a: did you calc that?|Steel\n|move|p2a: Iron Crown|Psychic Noise|p1a: did you calc that?\n|-resisted|p1a: did you calc that?\n|-damage|p1a: did you calc that?|89/100\n|-start|p1a: did you calc that?|move: Heal Block\n|move|p1a: did you calc that?|Earthquake|p2a: Iron Crown\n|-supereffective|p2a: Iron Crown\n|-damage|p2a: Iron Crown|46/100\n|\n|upkeep\n|turn|9\n|\n|t:|1788271155\n|move|p2a: Iron Crown|Focus Blast|p1a: did you calc that?\n|-supereffective|p1a: did you calc that?\n|-damage|p1a: did you calc that?|37/100\n|move|p1a: did you calc that?|Earthquake|p2a: Iron Crown\n|-supereffective|p2a: Iron Crown\n|-damage|p2a: Iron Crown|0 fnt\n|faint|p2a: Iron Crown\n|-end|p2a: Iron Crown|Quark Drive|[silent]\n|\n|-end|p1a: did you calc that?|move: Heal Block\n|upkeep\n|\n|t:|1788271160\n|switch|p2a: Great Tusk|Great Tusk|88/100\n|turn|10\n|\n|t:|1788271163\n|switch|p1a: per my last turn|Corviknight, M|100/100\n|-ability|p1a: per my last turn|Pressure\n|move|p2a: Great Tusk|Headlong Rush|p1a: per my last turn\n|-immune|p1a: per my last turn\n|\n|-damage|p2a: Great Tusk|76/100|[from] item: Sticky Barb\n|upkeep\n|turn|11\n|\n|t:|1788271178\n|-end|p2a: Great Tusk|Protosynthesis|[silent]\n|switch|p2a: Gholdengo|Gholdengo|78/100\n|switch|p1a: love this for you|Clefable, F|85/100\n|\n|upkeep\n|turn|12\n|\n|t:|1788271185\n|move|p2a: Gholdengo|Shadow Ball|p1a: love this for you\n|-damage|p1a: love this for you|41/100\n|-unboost|p1a: love this for you|spd|1\n|move|p1a: love this for you|Stealth Rock|p2a: Gholdengo\n|-sidestart|p2: OUZQ Crocodile|move: Stealth Rock\n|\n|upkeep\n|turn|13\n|\n|t:|1788271199\n|switch|p1a: take your time|Toxapex, M|100/100\n|move|p2a: Gholdengo|Shadow Ball|p1a: take your time\n|-damage|p1a: take your time|67/100\n|\n|-heal|p1a: take your time|73/100|[from] item: Leftovers\n|upkeep\n|turn|14\n|\n|t:|1788271204\n|move|p2a: Gholdengo|Nasty Plot|p2a: Gholdengo\n|-boost|p2a: Gholdengo|spa|2\n|move|p1a: take your time|Infestation|p2a: Gholdengo\n|-resisted|p2a: Gholdengo\n|-damage|p2a: Gholdengo|77/100\n|-activate|p2a: Gholdengo|move: Infestation|[of] p1a: take your time\n|\n|-heal|p1a: take your time|79/100|[from] item: Leftovers\n|-damage|p2a: Gholdengo|65/100|[from] move: Infestation|[partiallytrapped]\n|upkeep\n|turn|15\n|\n|t:|1788271207\n|move|p1a: take your time|Baneful Bunker|p1a: take your time\n|-singleturn|p1a: take your time|move: Protect\n|move|p2a: Gholdengo|Shadow Ball|p1a: take your time\n|-activate|p1a: take your time|move: Protect\n|\n|-heal|p1a: take your time|85/100|[from] item: Leftovers\n|-damage|p2a: Gholdengo|53/100|[from] move: Infestation|[partiallytrapped]\n|upkeep\n|turn|16\n|\n|t:|1788271215\n|move|p2a: Gholdengo|Shadow Ball|p1a: take your time\n|-damage|p1a: take your time|9/100\n|-unboost|p1a: take your time|spd|1\n|move|p1a: take your time|Recover|p1a: take your time\n|-heal|p1a: take your time|59/100\n|\n|-heal|p1a: take your time|65/100|[from] item: Leftovers\n|-damage|p2a: Gholdengo|40/100|[from] move: Infestation|[partiallytrapped]\n|upkeep\n|turn|17\n|\n|t:|1788271223\n|switch|p1a: love this for you|Clefable, F|41/100\n|move|p2a: Gholdengo|Shadow Ball|p1a: love this for you\n|-damage|p1a: love this for you|0 fnt\n|faint|p1a: love this for you\n|\n|-end|p2a: Gholdengo|Infestation|[partiallytrapped]|[silent]\n|upkeep\n|\n|t:|1788271225\n|switch|p1a: did you calc that?|Clodsire, M, tera:Steel|37/100\n|turn|18\n|\n|t:|1788271229\n|move|p2a: Gholdengo|Shadow Ball|p1a: did you calc that?\n|-damage|p1a: did you calc that?|13/100\n|move|p1a: did you calc that?|Recover|p1a: did you calc that?\n|-heal|p1a: did you calc that?|63/100\n|\n|upkeep\n|turn|19\n|\n|t:|1788271233\n|move|p2a: Gholdengo|Shadow Ball|p1a: did you calc that?\n|-damage|p1a: did you calc that?|41/100\n|move|p1a: did you calc that?|Recover|p1a: did you calc that?\n|-heal|p1a: did you calc that?|91/100\n|\n|upkeep\n|turn|20\n|\n|t:|1788271235\n|move|p2a: Gholdengo|Shadow Ball|p1a: did you calc that?\n|-damage|p1a: did you calc that?|69/100\n|move|p1a: did you calc that?|Earthquake|p2a: Gholdengo\n|-supereffective|p2a: Gholdengo\n|-damage|p2a: Gholdengo|0 fnt\n|faint|p2a: Gholdengo\n|\n|upkeep\n|\n|t:|1788271243\n|switch|p2a: Great Tusk|Great Tusk|76/100\n|-damage|p2a: Great Tusk|73/100|[from] Stealth Rock\n|turn|21\n|\n|t:|1788271246\n|switch|p1a: per my last turn|Corviknight, M|100/100\n|-ability|p1a: per my last turn|Pressure\n|move|p2a: Great Tusk|Rapid Spin|p1a: per my last turn\n|-resisted|p1a: per my last turn\n|-crit|p1a: per my last turn\n|-damage|p1a: per my last turn|89/100\n|-boost|p2a: Great Tusk|spe|1\n|-sideend|p2: OUZQ Crocodile|Stealth Rock|[from] move: Rapid Spin|[of] p2a: Great Tusk\n|\n|-heal|p1a: per my last turn|95/100|[from] item: Leftovers\n|-damage|p2a: Great Tusk|60/100|[from] item: Sticky Barb\n|upkeep\n|turn|22\n|\n|t:|1788271250\n|-end|p2a: Great Tusk|Protosynthesis|[silent]\n|switch|p2a: Raging Bolt|Raging Bolt|100/100\n|-enditem|p2a: Raging Bolt|Booster Energy\n|-activate|p2a: Raging Bolt|ability: Protosynthesis|[fromitem]\n|-start|p2a: Raging Bolt|protosynthesisspa\n|move|p1a: per my last turn|Brave Bird|p2a: Raging Bolt\n|-resisted|p2a: Raging Bolt\n|-damage|p2a: Raging Bolt|83/100\n|-damage|p1a: per my last turn|90/100|[from] Recoil\n|\n|-heal|p1a: per my last turn|96/100|[from] item: Leftovers\n|upkeep\n|turn|23\n|\n|t:|1788271256\n|switch|p1a: did you calc that?|Clodsire, M, tera:Steel|69/100\n|move|p2a: Raging Bolt|Dragon Pulse|p1a: did you calc that?\n|-resisted|p1a: did you calc that?\n|-damage|p1a: did you calc that?|50/100\n|\n|upkeep\n|turn|24\n|\n|t:|1788271261\n|move|p2a: Raging Bolt|Thunderbolt|p1a: did you calc that?\n|-damage|p1a: did you calc that?|15/100\n|move|p1a: did you calc that?|Recover|p1a: did you calc that?\n|-heal|p1a: did you calc that?|65/100\n|\n|upkeep\n|turn|25\n|\n|t:|1788271266\n|move|p2a: Raging Bolt|Thunderbolt|p1a: did you calc that?\n|-damage|p1a: did you calc that?|26/100\n|move|p1a: did you calc that?|Recover|p1a: did you calc that?\n|-heal|p1a: did you calc that?|76/100\n|\n|upkeep\n|turn|26\n|\n|t:|1788271270\n|-terastallize|p2a: Raging Bolt|Ghost\n|move|p2a: Raging Bolt|Thunderbolt|p1a: did you calc that?\n|-damage|p1a: did you calc that?|38/100\n|move|p1a: did you calc that?|Earthquake|p2a: Raging Bolt\n|-damage|p2a: Raging Bolt|57/100\n|\n|upkeep\n|turn|27\n|\n|t:|1788271275\n|switch|p1a: nothing new there|Gliscor, M|75/100 tox\n|move|p2a: Raging Bolt|Thunderbolt|p1a: nothing new there\n|-immune|p1a: nothing new there\n|\n|-heal|p1a: nothing new there|88/100 tox|[from] ability: Poison Heal\n|upkeep\n|turn|28\n|\n|t:|1788271278\n|move|p1a: nothing new there|Substitute|p1a: nothing new there\n|-start|p1a: nothing new there|Substitute\n|-damage|p1a: nothing new there|63/100 tox\n|move|p2a: Raging Bolt|Dragon Pulse|p1a: nothing new there\n|-end|p1a: nothing new there|Substitute\n|\n|-heal|p1a: nothing new there|75/100 tox|[from] ability: Poison Heal\n|upkeep\n|turn|29\n|\n|t:|1788271281\n|move|p1a: nothing new there|Protect|p1a: nothing new there\n|-singleturn|p1a: nothing new there|Protect\n|move|p2a: Raging Bolt|Dragon Pulse|p1a: nothing new there\n|-activate|p1a: nothing new there|move: Protect\n|\n|-heal|p1a: nothing new there|88/100 tox|[from] ability: Poison Heal\n|upkeep\n|turn|30\n|\n|t:|1788271284\n|move|p1a: nothing new there|Substitute|p1a: nothing new there\n|-start|p1a: nothing new there|Substitute\n|-damage|p1a: nothing new there|63/100 tox\n|move|p2a: Raging Bolt|Dragon Pulse|p1a: nothing new there\n|-end|p1a: nothing new there|Substitute\n|\n|-heal|p1a: nothing new there|75/100 tox|[from] ability: Poison Heal\n|upkeep\n|turn|31\n|\n|t:|1788271287\n|-end|p2a: Raging Bolt|Protosynthesis|[silent]\n|switch|p2a: Great Tusk|Great Tusk|60/100\n|move|p1a: nothing new there|Substitute|p1a: nothing new there\n|-start|p1a: nothing new there|Substitute\n|-damage|p1a: nothing new there|50/100 tox\n|\n|-heal|p1a: nothing new there|63/100 tox|[from] ability: Poison Heal\n|-damage|p2a: Great Tusk|48/100|[from] item: Sticky Barb\n|upkeep\n|turn|32\n|\n|t:|1788271289\n|move|p1a: nothing new there|Toxic|p2a: Great Tusk\n|-status|p2a: Great Tusk|tox\n|move|p2a: Great Tusk|Ice Spinner|p1a: nothing new there\n|-supereffective|p1a: nothing new there\n|-end|p1a: nothing new there|Substitute\n|\n|-heal|p1a: nothing new there|75/100 tox|[from] ability: Poison Heal\n|-damage|p2a: Great Tusk|42/100 tox|[from] psn\n|-damage|p2a: Great Tusk|29/100 tox|[from] item: Sticky Barb\n|upkeep\n|turn|33\n|\n|t:|1788271293\n|move|p1a: nothing new there|Protect|p1a: nothing new there\n|-singleturn|p1a: nothing new there|Protect\n|move|p2a: Great Tusk|Ice Spinner|p1a: nothing new there\n|-activate|p1a: nothing new there|move: Protect\n|\n|-heal|p1a: nothing new there|88/100 tox|[from] ability: Poison Heal\n|-damage|p2a: Great Tusk|17/100 tox|[from] psn\n|-damage|p2a: Great Tusk|5/100 tox|[from] item: Sticky Barb\n|upkeep\n|turn|34\n|\n|t:|1788271299\n|move|p1a: nothing new there|Knock Off|p2a: Great Tusk\n|-resisted|p2a: Great Tusk\n|-damage|p2a: Great Tusk|0 fnt\n|-enditem|p2a: Great Tusk|Sticky Barb|[from] move: Knock Off|[of] p1a: nothing new there\n|faint|p2a: Great Tusk\n|-end|p2a: Great Tusk|Protosynthesis|[silent]\n|\n|-heal|p1a: nothing new there|100/100 tox|[from] ability: Poison Heal\n|upkeep\n|j| brooomdooom\n|\n|t:|1788271305\n|switch|p2a: Samurott|Samurott-Hisui, F|100/100\n|turn|35\n|\n|t:|1788271309\n|switch|p1a: take your time|Toxapex, M|99/100\n|move|p2a: Samurott|Razor Shell|p1a: take your time\n|-resisted|p1a: take your time\n|-crit|p1a: take your time\n|-damage|p1a: take your time|72/100\n|\n|-heal|p1a: take your time|78/100|[from] item: Leftovers\n|upkeep\n|turn|36\n|\n|t:|1788271319\n|move|p2a: Samurott|Ceaseless Edge|p1a: take your time\n|-damage|p1a: take your time|41/100\n|-sidestart|p1: Mr Tpen|Spikes\n|move|p1a: take your time|Infestation|p2a: Samurott\n|-supereffective|p2a: Samurott\n|-damage|p2a: Samurott|92/100\n|-activate|p2a: Samurott|move: Infestation|[of] p1a: take your time\n|\n|-heal|p1a: take your time|48/100|[from] item: Leftovers\n|-damage|p2a: Samurott|79/100|[from] move: Infestation|[partiallytrapped]\n|upkeep\n|turn|37\n|\n|t:|1788271323\n|move|p1a: take your time|Baneful Bunker|p1a: take your time\n|-singleturn|p1a: take your time|move: Protect\n|move|p2a: Samurott|Ceaseless Edge|p1a: take your time\n|-activate|p1a: take your time|move: Protect\n|-status|p2a: Samurott|psn\n|\n|-heal|p1a: take your time|54/100|[from] item: Leftovers\n|-damage|p2a: Samurott|67/100 psn|[from] psn\n|-damage|p2a: Samurott|54/100 psn|[from] move: Infestation|[partiallytrapped]\n|upkeep\n|turn|38\n|\n|t:|1788271325\n|move|p2a: Samurott|Ceaseless Edge|p1a: take your time\n|-damage|p1a: take your time|21/100\n|-sidestart|p1: Mr Tpen|Spikes\n|move|p1a: take your time|Recover|p1a: take your time\n|-heal|p1a: take your time|71/100\n|\n|-heal|p1a: take your time|77/100|[from] item: Leftovers\n|-damage|p2a: Samurott|42/100 psn|[from] psn\n|-damage|p2a: Samurott|29/100 psn|[from] move: Infestation|[partiallytrapped]\n|upkeep\n|turn|39\n|-message|OUZQ Crocodile forfeited.\n|\n|win|Mr Tpen\n|raw|Mr Tpen's rating: 1714 &rarr; <strong>1733</strong><br />(+19 for winning)\n|raw|OUZQ Crocodile's rating: 1688 &rarr; <strong>1669</strong><br />(-19 for losing)\n|l|\u2606OUZQ Crocodile\n|player|p2|\n|l| brooomdooom\n", "uploadtime": 1788271483, "views": "4", "formatid": "gen9ou", "rating": 1669, "private": 0, "password": null}