{"id": "gen9ou-2674019172", "format": "[Gen 9] OU", "players": ["kangarooteam1", "Acastillo631"], "log": "|j|\u2606kangarooteam1\n|j|\u2606Acastillo631\n|t:|1788288903\n|gametype|singles\n|player|p1|kangarooteam1|1|1643\n|player|p2|Acastillo631|silver|1666\n|gen|9\n|tier|[Gen 9] OU\n|rated|\n|rule|HP Percentage Mod: HP is shown in percentages\n|rule|Endless Battle Clause: Forcing endless battles is banned\n|rule|Species Clause: Limit one of each Pok\u00e9mon\n|rule|OHKO Clause: OHKO moves are banned\n|rule|Evasion Items Clause: Evasion items are banned\n|rule|Evasion Moves Clause: Evasion moves are banned\n|rule|Evasion Abilities Clause: Evasion abilities are banned\n|rule|Sleep Moves Clause: Sleep-inducing moves are banned\n|clearpoke\n|poke|p1|Great Tusk|\n|poke|p1|Gholdengo|\n|poke|p1|Raging Bolt|\n|poke|p1|Iron Valiant|\n|poke|p1|Ogerpon-Wellspring, F|\n|poke|p1|Kingambit, M|\n|poke|p2|Iron Valiant|\n|poke|p2|Sinistcha|\n|poke|p2|Klefki, M|\n|poke|p2|Iron Treads|\n|poke|p2|Tyranitar, F|\n|poke|p2|Samurott-Hisui, F|\n|teampreview\n|inactive|Battle timer is ON: inactive players will automatically lose when time's up. (requested by kangarooteam1)\n|inactive|Acastillo631 has 120 seconds left.\n|inactive|Acastillo631 has 90 seconds left.\n|\n|t:|1788288989\n|teamsize|p1|6\n|teamsize|p2|6\n|start\n|switch|p1a: Kingambit|Kingambit, M|100/100\n|switch|p2a: Blade Armor|Samurott-Hisui, F|100/100\n|turn|1\n|\n|t:|1788288993\n|move|p2a: Blade Armor|Sacred Sword|p1a: Kingambit\n|-supereffective|p1a: Kingambit\n|-damage|p1a: Kingambit|0 fnt\n|faint|p1a: Kingambit\n|-end|p1a: Kingambit|fallenundefined|[silent]\n|\n|upkeep\n|\n|t:|1788288996\n|switch|p1a: Gholdengo|Gholdengo|100/100\n|-item|p1a: Gholdengo|Air Balloon\n|turn|2\n|\n|t:|1788288999\n|move|p2a: Blade Armor|Ceaseless Edge|p1a: Gholdengo\n|-supereffective|p1a: Gholdengo\n|-damage|p1a: Gholdengo|1/100\n|-enditem|p1a: Gholdengo|Air Balloon\n|-sidestart|p1: kangarooteam1|Spikes\n|move|p1a: Gholdengo|Nasty Plot|p1a: Gholdengo\n|-boost|p1a: Gholdengo|spa|2\n|\n|upkeep\n|turn|3\n|\n|t:|1788289006\n|move|p2a: Blade Armor|Knock Off|p1a: Gholdengo\n|-supereffective|p1a: Gholdengo\n|-damage|p1a: Gholdengo|0 fnt\n|faint|p1a: Gholdengo\n|\n|upkeep\n|\n|t:|1788289007\n|switch|p1a: Great Tusk|Great Tusk|100/100\n|-damage|p1a: Great Tusk|88/100|[from] Spikes\n|turn|4\n|\n|t:|1788289011\n|move|p2a: Blade Armor|Razor Shell|p1a: Great Tusk\n|-supereffective|p1a: Great Tusk\n|-damage|p1a: Great Tusk|34/100\n|move|p1a: Great Tusk|Stealth Rock|p2a: Blade Armor\n|-sidestart|p2: Acastillo631|move: Stealth Rock\n|\n|-heal|p1a: Great Tusk|40/100|[from] item: Leftovers\n|upkeep\n|turn|5\n|\n|t:|1788289016\n|-end|p1a: Great Tusk|Protosynthesis|[silent]\n|switch|p1a: Ogerpon|Ogerpon-Wellspring, F|100/100\n|-damage|p1a: Ogerpon|88/100|[from] Spikes\n|move|p2a: Blade Armor|Razor Shell|p1a: Ogerpon\n|-heal|p1a: Ogerpon|100/100|[from] ability: Water Absorb|[of] p2a: Blade Armor\n|\n|upkeep\n|turn|6\n|j| DA COME UP\n|\n|t:|1788289018\n|switch|p2a: Redips|Klefki, M|100/100\n|-damage|p2a: Redips|95/100|[from] Stealth Rock\n|move|p1a: Ogerpon|U-turn|p2a: Redips\n|-resisted|p2a: Redips\n|-damage|p2a: Redips|89/100\n|-damage|p1a: Ogerpon|84/100|[from] item: Rocky Helmet|[of] p2a: Redips\n|\n|t:|1788289021\n|switch|p1a: Raging Bolt|Raging Bolt|100/100|[from] U-turn\n|-damage|p1a: Raging Bolt|88/100|[from] Spikes\n|\n|-heal|p1a: Raging Bolt|94/100|[from] item: Leftovers\n|upkeep\n|turn|7\n|\n|t:|1788289026\n|switch|p2a: Eregion|Tyranitar, F|100/100\n|-damage|p2a: Eregion|88/100|[from] Stealth Rock\n|-weather|Sandstorm|[from] ability: Sand Stream|[of] p2a: Eregion\n|move|p1a: Raging Bolt|Calm Mind|p1a: Raging Bolt\n|-boost|p1a: Raging Bolt|spa|1\n|-boost|p1a: Raging Bolt|spd|1\n|\n|-weather|Sandstorm|[upkeep]\n|-damage|p1a: Raging Bolt|88/100|[from] Sandstorm\n|-heal|p1a: Raging Bolt|94/100|[from] item: Leftovers\n|-heal|p2a: Eregion|94/100|[from] item: Leftovers\n|upkeep\n|turn|8\n|\n|t:|1788289028\n|move|p1a: Raging Bolt|Thunderbolt|p2a: Eregion\n|-damage|p2a: Eregion|60/100\n|move|p2a: Eregion|Stealth Rock|p1a: Raging Bolt\n|-sidestart|p1: kangarooteam1|move: Stealth Rock\n|\n|-weather|Sandstorm|[upkeep]\n|-damage|p1a: Raging Bolt|88/100|[from] Sandstorm\n|-heal|p1a: Raging Bolt|94/100|[from] item: Leftovers\n|-heal|p2a: Eregion|66/100|[from] item: Leftovers\n|upkeep\n|turn|9\n|\n|t:|1788289032\n|move|p1a: Raging Bolt|Thunderbolt|p2a: Eregion\n|-damage|p2a: Eregion|32/100\n|move|p2a: Eregion|Roar|p1a: Raging Bolt\n|-end|p1a: Raging Bolt|Protosynthesis|[silent]\n|drag|p1a: Great Tusk|Great Tusk|40/100\n|-damage|p1a: Great Tusk|28/100|[from] Spikes\n|-damage|p1a: Great Tusk|25/100|[from] Stealth Rock\n|\n|-weather|Sandstorm|[upkeep]\n|-heal|p1a: Great Tusk|31/100|[from] item: Leftovers\n|-heal|p2a: Eregion|38/100|[from] item: Leftovers\n|upkeep\n|turn|10\n|\n|t:|1788289036\n|move|p1a: Great Tusk|Earthquake|p2a: Eregion\n|-supereffective|p2a: Eregion\n|-damage|p2a: Eregion|0 fnt\n|faint|p2a: Eregion\n|\n|-weather|Sandstorm|[upkeep]\n|-heal|p1a: Great Tusk|37/100|[from] item: Leftovers\n|upkeep\n|\n|t:|1788289043\n|switch|p2a: Sage Harpuia|Iron Valiant|100/100\n|-damage|p2a: Sage Harpuia|94/100|[from] Stealth Rock\n|-enditem|p2a: Sage Harpuia|Booster Energy\n|-activate|p2a: Sage Harpuia|ability: Quark Drive|[fromitem]\n|-start|p2a: Sage Harpuia|quarkdrivespe\n|turn|11\n|\n|t:|1788289045\n|-terastallize|p1a: Great Tusk|Steel\n|move|p2a: Sage Harpuia|Moonblast|p1a: Great Tusk\n|-resisted|p1a: Great Tusk\n|-damage|p1a: Great Tusk|6/100\n|move|p1a: Great Tusk|Rapid Spin|p2a: Sage Harpuia\n|-damage|p2a: Sage Harpuia|76/100\n|-boost|p1a: Great Tusk|spe|1\n|-sideend|p1: kangarooteam1|Spikes|[from] move: Rapid Spin|[of] p1a: Great Tusk\n|-sideend|p1: kangarooteam1|Stealth Rock|[from] move: Rapid Spin|[of] p1a: Great Tusk\n|\n|-weather|none\n|-heal|p1a: Great Tusk|12/100|[from] item: Leftovers\n|upkeep\n|turn|12\n|\n|t:|1788289047\n|move|p2a: Sage Harpuia|Moonblast|p1a: Great Tusk\n|-resisted|p1a: Great Tusk\n|-damage|p1a: Great Tusk|0 fnt\n|faint|p1a: Great Tusk\n|-end|p1a: Great Tusk|Protosynthesis|[silent]\n|\n|upkeep\n|\n|t:|1788289049\n|switch|p1a: Ogerpon|Ogerpon-Wellspring, F|84/100\n|turn|13\n|\n|t:|1788289055\n|-end|p2a: Sage Harpuia|Quark Drive|[silent]\n|switch|p2a: Wire Sponge|Sinistcha|100/100\n|move|p1a: Ogerpon|Ivy Cudgel|p2a: Wire Sponge|[anim] Ivy Cudgel Water\n|-resisted|p2a: Wire Sponge\n|-damage|p2a: Wire Sponge|80/100\n|\n|upkeep\n|turn|14\n|\n|t:|1788289058\n|switch|p1a: Raging Bolt|Raging Bolt|94/100\n|move|p2a: Wire Sponge|Matcha Gotcha|p1a: Raging Bolt\n|-resisted|p1a: Raging Bolt\n|-damage|p1a: Raging Bolt|80/100\n|-heal|p2a: Wire Sponge|89/100|[from] drain|[of] p1a: Raging Bolt\n|\n|-heal|p1a: Raging Bolt|86/100|[from] item: Leftovers\n|upkeep\n|turn|15\n|\n|t:|1788289065\n|switch|p2a: Redips|Klefki, M|89/100\n|-damage|p2a: Redips|83/100|[from] Stealth Rock\n|move|p1a: Raging Bolt|Calm Mind|p1a: Raging Bolt\n|-boost|p1a: Raging Bolt|spa|1\n|-boost|p1a: Raging Bolt|spd|1\n|\n|-heal|p1a: Raging Bolt|93/100|[from] item: Leftovers\n|upkeep\n|turn|16\n|\n|t:|1788289067\n|move|p1a: Raging Bolt|Thunderbolt|p2a: Redips\n|-damage|p2a: Redips|0 fnt\n|faint|p2a: Redips\n|\n|-heal|p1a: Raging Bolt|99/100|[from] item: Leftovers\n|upkeep\n|j| gaze of timaeus\n|\n|t:|1788289077\n|switch|p2a: Armored Armadillo|Iron Treads|100/100\n|-damage|p2a: Armored Armadillo|97/100|[from] Stealth Rock\n|-item|p2a: Armored Armadillo|Air Balloon\n|turn|17\n|\n|t:|1788289079\n|-end|p2a: Armored Armadillo|Quark Drive|[silent]\n|switch|p2a: Wire Sponge|Sinistcha|89/100\n|-end|p1a: Raging Bolt|Protosynthesis|[silent]\n|switch|p1a: Ogerpon|Ogerpon-Wellspring, F|84/100\n|\n|upkeep\n|turn|18\n|\n|t:|1788289086\n|move|p1a: Ogerpon|U-turn|p2a: Wire Sponge\n|-damage|p2a: Wire Sponge|70/100\n|\n|t:|1788289088\n|switch|p1a: Raging Bolt|Raging Bolt|99/100|[from] U-turn\n|move|p2a: Wire Sponge|Calm Mind|p2a: Wire Sponge\n|-boost|p2a: Wire Sponge|spa|1\n|-boost|p2a: Wire Sponge|spd|1\n|\n|-heal|p1a: Raging Bolt|100/100|[from] item: Leftovers\n|upkeep\n|turn|19\n|c| gaze of timaeus|u have to win for humanity\n|\n|t:|1788289089\n|move|p2a: Wire Sponge|Shadow Ball|p1a: Raging Bolt\n|-damage|p1a: Raging Bolt|63/100\n|move|p1a: Raging Bolt|Calm Mind|p1a: Raging Bolt\n|-boost|p1a: Raging Bolt|spa|1\n|-boost|p1a: Raging Bolt|spd|1\n|\n|-heal|p1a: Raging Bolt|69/100|[from] item: Leftovers\n|upkeep\n|turn|20\n|\n|t:|1788289095\n|switch|p2a: Armored Armadillo|Iron Treads|97/100\n|-damage|p2a: Armored Armadillo|94/100|[from] Stealth Rock\n|-item|p2a: Armored Armadillo|Air Balloon\n|move|p1a: Raging Bolt|Dragon Pulse|p2a: Armored Armadillo\n|-resisted|p2a: Armored Armadillo\n|-damage|p2a: Armored Armadillo|37/100\n|-enditem|p2a: Armored Armadillo|Air Balloon\n|\n|-heal|p1a: Raging Bolt|76/100|[from] item: Leftovers\n|upkeep\n|turn|21\n|\n|t:|1788289097\n|-end|p1a: Raging Bolt|Protosynthesis|[silent]\n|switch|p1a: Ogerpon|Ogerpon-Wellspring, F|84/100\n|move|p2a: Armored Armadillo|Earthquake|p1a: Ogerpon\n|-resisted|p1a: Ogerpon\n|-damage|p1a: Ogerpon|55/100\n|\n|upkeep\n|turn|22\n|l| DA COME UP\n|\n|t:|1788289102\n|-end|p2a: Armored Armadillo|Quark Drive|[silent]\n|switch|p2a: Blade Armor|Samurott-Hisui, F|100/100\n|move|p1a: Ogerpon|Horn Leech|p2a: Blade Armor\n|-supereffective|p2a: Blade Armor\n|-crit|p2a: Blade Armor\n|-damage|p2a: Blade Armor|0 fnt\n|-heal|p1a: Ogerpon|100/100|[from] drain|[of] p2a: Blade Armor\n|faint|p2a: Blade Armor\n|\n|upkeep\n|\n|t:|1788289106\n|switch|p2a: Sage Harpuia|Iron Valiant|76/100\n|-damage|p2a: Sage Harpuia|70/100|[from] Stealth Rock\n|turn|23\n|\n|t:|1788289111\n|-terastallize|p2a: Sage Harpuia|Steel\n|move|p2a: Sage Harpuia|Encore|p1a: Ogerpon\n|-start|p1a: Ogerpon|Encore\n|move|p1a: Ogerpon|Horn Leech|p2a: Sage Harpuia\n|-resisted|p2a: Sage Harpuia\n|-damage|p2a: Sage Harpuia|43/100\n|\n|upkeep\n|turn|24\n|j| Kingston9629\n|\n|t:|1788289113\n|move|p2a: Sage Harpuia|Moonblast|p1a: Ogerpon\n|-damage|p1a: Ogerpon|46/100\n|move|p1a: Ogerpon|Horn Leech|p2a: Sage Harpuia\n|-resisted|p2a: Sage Harpuia\n|-crit|p2a: Sage Harpuia\n|-damage|p2a: Sage Harpuia|0 fnt\n|-heal|p1a: Ogerpon|67/100|[from] drain|[of] p2a: Sage Harpuia\n|faint|p2a: Sage Harpuia\n|-end|p2a: Sage Harpuia|Quark Drive|[silent]\n|\n|upkeep\n|j| A Tub Of Lard\n|-message|Acastillo631 forfeited.\n|\n|win|kangarooteam1\n|raw|kangarooteam1's rating: 1643 &rarr; <strong>1664</strong><br />(+21 for winning)\n|raw|Acastillo631's rating: 1666 &rarr; <strong>1645</strong><br />(-21 for losing)\n|l|\u2606Acastillo631\n|player|p2|\n", "uploadtime": 1788289127, "views": "0", "formatid": "gen9ou", "rating": 1645, "private": 0, "password": null}