{"id": "gen9ou-2673863135", "format": "[Gen 9] OU", "players": ["mastersannin", "kangarooteam1"], "log": "|j|\u2606mastersannin\n|j|\u2606kangarooteam1\n|t:|1788270131\n|gametype|singles\n|player|p1|mastersannin|170|1532\n|player|p2|kangarooteam1|1|1603\n|gen|9\n|tier|[Gen 9] OU\n|rated|\n|rule|HP Percentage Mod: HP is shown in percentages\n|rule|Endless Battle Clause: Forcing endless battles is banned\n|rule|Species Clause: Limit one of each Pok\u00e9mon\n|rule|OHKO Clause: OHKO moves are banned\n|rule|Evasion Items Clause: Evasion items are banned\n|rule|Evasion Moves Clause: Evasion moves are banned\n|rule|Evasion Abilities Clause: Evasion abilities are banned\n|rule|Sleep Moves Clause: Sleep-inducing moves are banned\n|clearpoke\n|poke|p1|Samurott-Hisui, F|\n|poke|p1|Zapdos|\n|poke|p1|Iron Treads|\n|poke|p1|Ceruledge, M|\n|poke|p1|Gholdengo|\n|poke|p1|Kingambit, M|\n|poke|p2|Great Tusk|\n|poke|p2|Gholdengo|\n|poke|p2|Raging Bolt|\n|poke|p2|Iron Valiant|\n|poke|p2|Ogerpon-Wellspring, F|\n|poke|p2|Kingambit, M|\n|teampreview\n|inactive|Battle timer is ON: inactive players will automatically lose when time's up. (requested by mastersannin)\n|inactive|kangarooteam1 also wants the timer to be on.\n|\n|t:|1788270153\n|teamsize|p1|6\n|teamsize|p2|6\n|start\n|switch|p1a: Samurott|Samurott-Hisui, F|100/100\n|switch|p2a: Raging Bolt|Raging Bolt|100/100\n|turn|1\n|\n|t:|1788270157\n|switch|p1a: Iron Treads|Iron Treads|100/100\n|move|p2a: Raging Bolt|Dragon Pulse|p1a: Iron Treads\n|-resisted|p1a: Iron Treads\n|-damage|p1a: Iron Treads|66/100\n|\n|upkeep\n|turn|2\n|\n|t:|1788270165\n|-end|p2a: Raging Bolt|Protosynthesis|[silent]\n|switch|p2a: Ogerpon|Ogerpon-Wellspring, F|100/100\n|move|p1a: Iron Treads|Earthquake|p2a: Ogerpon\n|-resisted|p2a: Ogerpon\n|-damage|p2a: Ogerpon|70/100\n|\n|upkeep\n|turn|3\n|\n|t:|1788270169\n|-end|p1a: Iron Treads|Quark Drive|[silent]\n|switch|p1a: Zapdos|Zapdos|100/100\n|move|p2a: Ogerpon|Ivy Cudgel|p1a: Zapdos|[anim] Ivy Cudgel Water\n|-damage|p1a: Zapdos|57/100\n|\n|upkeep\n|turn|4\n|\n|t:|1788270176\n|-terastallize|p2a: Ogerpon|Water\n|detailschange|p2a: Ogerpon|Ogerpon-Wellspring-Tera, F, tera:Water\n|-ability|p2a: Ogerpon|Embody Aspect (Wellspring)|boost\n|-boost|p2a: Ogerpon|spd|1\n|move|p2a: Ogerpon|Ivy Cudgel|p1a: Zapdos|[anim] Ivy Cudgel Water\n|-damage|p1a: Zapdos|0 fnt\n|faint|p1a: Zapdos\n|\n|upkeep\n|\n|t:|1788270181\n|switch|p1a: Gholdengo|Gholdengo|100/100\n|-item|p1a: Gholdengo|Air Balloon\n|turn|5\n|\n|t:|1788270183\n|move|p2a: Ogerpon|Ivy Cudgel|p1a: Gholdengo|[anim] Ivy Cudgel Water\n|-damage|p1a: Gholdengo|42/100\n|-enditem|p1a: Gholdengo|Air Balloon\n|move|p1a: Gholdengo|Thunder Wave|p2a: Ogerpon\n|-status|p2a: Ogerpon|par\n|\n|upkeep\n|turn|6\n|\n|t:|1788270189\n|move|p1a: Gholdengo|Recover|p1a: Gholdengo\n|-heal|p1a: Gholdengo|92/100\n|move|p2a: Ogerpon|Ivy Cudgel|p1a: Gholdengo|[anim] Ivy Cudgel Water\n|-crit|p1a: Gholdengo\n|-damage|p1a: Gholdengo|12/100\n|\n|upkeep\n|turn|7\n|\n|t:|1788270196\n|switch|p2a: Great Tusk|Great Tusk|100/100\n|move|p1a: Gholdengo|Recover|p1a: Gholdengo\n|-heal|p1a: Gholdengo|62/100\n|\n|upkeep\n|turn|8\n|\n|t:|1788270206\n|move|p2a: Great Tusk|Earthquake|p1a: Gholdengo\n|-supereffective|p1a: Gholdengo\n|-damage|p1a: Gholdengo|0 fnt\n|faint|p1a: Gholdengo\n|\n|upkeep\n|\n|t:|1788270209\n|switch|p1a: Samurott|Samurott-Hisui, F|100/100\n|turn|9\n|\n|t:|1788270212\n|move|p2a: Great Tusk|Earthquake|p1a: Samurott\n|-damage|p1a: Samurott|55/100\n|move|p1a: Samurott|Ceaseless Edge|p2a: Great Tusk\n|-resisted|p2a: Great Tusk\n|-damage|p2a: Great Tusk|90/100\n|-sidestart|p2: kangarooteam1|Spikes\n|\n|-heal|p2a: Great Tusk|96/100|[from] item: Leftovers\n|upkeep\n|turn|10\n|\n|t:|1788270215\n|move|p2a: Great Tusk|Earthquake|p1a: Samurott\n|-damage|p1a: Samurott|6/100\n|move|p1a: Samurott|Razor Shell|p2a: Great Tusk\n|-supereffective|p2a: Great Tusk\n|-damage|p2a: Great Tusk|47/100\n|-unboost|p2a: Great Tusk|def|1\n|\n|-heal|p2a: Great Tusk|53/100|[from] item: Leftovers\n|upkeep\n|turn|11\n|\n|t:|1788270224\n|move|p1a: Samurott|Sucker Punch|p2a: Great Tusk\n|-resisted|p2a: Great Tusk\n|-damage|p2a: Great Tusk|42/100\n|move|p2a: Great Tusk|Rapid Spin|p1a: Samurott\n|-damage|p1a: Samurott|0 fnt\n|-boost|p2a: Great Tusk|spe|1\n|-sideend|p2: kangarooteam1|Spikes|[from] move: Rapid Spin|[of] p2a: Great Tusk\n|faint|p1a: Samurott\n|\n|-heal|p2a: Great Tusk|48/100|[from] item: Leftovers\n|upkeep\n|\n|t:|1788270229\n|switch|p1a: Ceruledge|Ceruledge, M|100/100\n|turn|12\n|\n|t:|1788270232\n|-terastallize|p1a: Ceruledge|Fairy\n|move|p2a: Great Tusk|Earthquake|p1a: Ceruledge\n|-damage|p1a: Ceruledge|48/100\n|-ability|p1a: Ceruledge|Weak Armor|boost\n|-unboost|p1a: Ceruledge|def|1\n|-boost|p1a: Ceruledge|spe|2\n|move|p1a: Ceruledge|Swords Dance|p1a: Ceruledge\n|-boost|p1a: Ceruledge|atk|2\n|\n|-heal|p2a: Great Tusk|54/100|[from] item: Leftovers\n|upkeep\n|turn|13\n|\n|t:|1788270235\n|-end|p2a: Great Tusk|Protosynthesis|[silent]\n|switch|p2a: Raging Bolt|Raging Bolt|100/100\n|move|p1a: Ceruledge|Bitter Blade|p2a: Raging Bolt\n|-resisted|p2a: Raging Bolt\n|-damage|p2a: Raging Bolt|63/100\n|-heal|p1a: Ceruledge|73/100|[from] drain|[of] p2a: Raging Bolt\n|\n|-heal|p2a: Raging Bolt|69/100|[from] item: Leftovers\n|upkeep\n|turn|14\n|\n|t:|1788270239\n|move|p1a: Ceruledge|Poltergeist|p2a: Raging Bolt|[miss]\n|-miss|p1a: Ceruledge|p2a: Raging Bolt\n|move|p2a: Raging Bolt|Thunderbolt|p1a: Ceruledge\n|-damage|p1a: Ceruledge|22/100\n|\n|-heal|p2a: Raging Bolt|75/100|[from] item: Leftovers\n|upkeep\n|turn|15\n|\n|t:|1788270243\n|move|p1a: Ceruledge|Poltergeist|p2a: Raging Bolt\n|-activate|p2a: Raging Bolt|move: Poltergeist|Leftovers\n|-damage|p2a: Raging Bolt|0 fnt\n|faint|p2a: Raging Bolt\n|-end|p2a: Raging Bolt|Protosynthesis|[silent]\n|\n|upkeep\n|\n|t:|1788270243\n|switch|p2a: Iron Valiant|Iron Valiant|100/100\n|-enditem|p2a: Iron Valiant|Booster Energy\n|-activate|p2a: Iron Valiant|ability: Quark Drive|[fromitem]\n|-start|p2a: Iron Valiant|quarkdrivespe\n|turn|16\n|\n|t:|1788270246\n|move|p2a: Iron Valiant|Close Combat|p1a: Ceruledge\n|-resisted|p1a: Ceruledge\n|-damage|p1a: Ceruledge|0 fnt\n|-unboost|p2a: Iron Valiant|def|1\n|-unboost|p2a: Iron Valiant|spd|1\n|faint|p1a: Ceruledge\n|\n|upkeep\n|-message|mastersannin forfeited.\n|\n|win|kangarooteam1\n|raw|mastersannin's rating: 1532 &rarr; <strong>1516</strong><br />(-16 for losing)\n|raw|kangarooteam1's rating: 1603 &rarr; <strong>1619</strong><br />(+16 for winning)\n|l|\u2606mastersannin\n|player|p1|\n", "uploadtime": 1788270251, "views": "1", "formatid": "gen9ou", "rating": 1516, "private": 0, "password": null}