{"id": "gen9ou-2673932020", "format": "[Gen 9] OU", "players": ["Agent Zyn7", "kangarooteam1"], "log": "|j|\u2606Agent Zyn7\n|j|\u2606kangarooteam1\n|t:|1788278671\n|gametype|singles\n|player|p1|Agent Zyn7|elesa|1685\n|player|p2|kangarooteam1|1|1646\n|gen|9\n|tier|[Gen 9] OU\n|rated|\n|rule|HP Percentage Mod: HP is shown in percentages\n|rule|Endless Battle Clause: Forcing endless battles is banned\n|rule|Species Clause: Limit one of each Pok\u00e9mon\n|rule|OHKO Clause: OHKO moves are banned\n|rule|Evasion Items Clause: Evasion items are banned\n|rule|Evasion Moves Clause: Evasion moves are banned\n|rule|Evasion Abilities Clause: Evasion abilities are banned\n|rule|Sleep Moves Clause: Sleep-inducing moves are banned\n|clearpoke\n|poke|p1|Pelipper, M|\n|poke|p1|Zamazenta-*|\n|poke|p1|Manaphy|\n|poke|p1|Rillaboom, F|\n|poke|p1|Cresselia, F|\n|poke|p1|Raging Bolt|\n|poke|p2|Great Tusk|\n|poke|p2|Gholdengo|\n|poke|p2|Raging Bolt|\n|poke|p2|Iron Valiant|\n|poke|p2|Ogerpon-Wellspring, F|\n|poke|p2|Kingambit, F|\n|teampreview\n|inactive|Battle timer is ON: inactive players will automatically lose when time's up. (requested by Agent Zyn7)\n|inactive|kangarooteam1 also wants the timer to be on.\n|\n|t:|1788278686\n|teamsize|p1|6\n|teamsize|p2|6\n|start\n|switch|p1a: Cardi Z|Zamazenta, shiny|100/100\n|switch|p2a: Raging Bolt|Raging Bolt|100/100\n|-ability|p1a: Cardi Z|Dauntless Shield|boost\n|-boost|p1a: Cardi Z|def|1\n|turn|1\n|\n|t:|1788278688\n|move|p1a: Cardi Z|Light Screen|p1a: Cardi Z\n|-sidestart|p1: Agent Zyn7|move: Light Screen\n|move|p2a: Raging Bolt|Calm Mind|p2a: Raging Bolt\n|-boost|p2a: Raging Bolt|spa|1\n|-boost|p2a: Raging Bolt|spd|1\n|\n|upkeep\n|turn|2\n|\n|t:|1788278690\n|move|p1a: Cardi Z|Body Press|p2a: Raging Bolt\n|-damage|p2a: Raging Bolt|53/100\n|move|p2a: Raging Bolt|Thunderbolt|p1a: Cardi Z\n|-damage|p1a: Cardi Z|64/100\n|\n|-heal|p2a: Raging Bolt|60/100|[from] item: Leftovers\n|upkeep\n|turn|3\n|\n|t:|1788278693\n|move|p1a: Cardi Z|Body Press|p2a: Raging Bolt\n|-damage|p2a: Raging Bolt|13/100\n|move|p2a: Raging Bolt|Thunderbolt|p1a: Cardi Z\n|-damage|p1a: Cardi Z|29/100\n|\n|-heal|p2a: Raging Bolt|19/100|[from] item: Leftovers\n|upkeep\n|turn|4\n|\n|t:|1788278697\n|switch|p1a: Rillaboom|Rillaboom, F|100/100\n|-fieldstart|move: Grassy Terrain|[from] ability: Grassy Surge|[of] p1a: Rillaboom\n|-end|p2a: Raging Bolt|Protosynthesis|[silent]\n|switch|p2a: Gholdengo|Gholdengo|100/100\n|-item|p2a: Gholdengo|Air Balloon\n|\n|upkeep\n|turn|5\n|\n|t:|1788278699\n|move|p2a: Gholdengo|Nasty Plot|p2a: Gholdengo\n|-boost|p2a: Gholdengo|spa|2\n|move|p1a: Rillaboom|Knock Off|p2a: Gholdengo\n|-supereffective|p2a: Gholdengo\n|-damage|p2a: Gholdengo|0 fnt\n|-enditem|p2a: Gholdengo|Air Balloon\n|faint|p2a: Gholdengo\n|-damage|p1a: Rillaboom|91/100|[from] item: Life Orb\n|\n|-heal|p1a: Rillaboom|97/100|[from] Grassy Terrain\n|upkeep\n|\n|t:|1788278700\n|switch|p2a: Kingambit|Kingambit, F|100/100\n|-activate|p2a: Kingambit|ability: Supreme Overlord\n|-start|p2a: Kingambit|fallen1|[silent]\n|turn|6\n|\n|t:|1788278706\n|switch|p1a: Cardi Z|Zamazenta, shiny|29/100\n|move|p2a: Kingambit|Iron Head|p1a: Cardi Z\n|-damage|p1a: Cardi Z|0 fnt\n|faint|p1a: Cardi Z\n|\n|upkeep\n|\n|t:|1788278711\n|switch|p1a: Throat Goat|Raging Bolt|100/100\n|-enditem|p1a: Throat Goat|Booster Energy\n|-activate|p1a: Throat Goat|ability: Protosynthesis|[fromitem]\n|-start|p1a: Throat Goat|protosynthesisspa\n|turn|7\n|\n|t:|1788278714\n|move|p1a: Throat Goat|Thunderbolt|p2a: Kingambit\n|-damage|p2a: Kingambit|30/100\n|-status|p2a: Kingambit|par\n|move|p2a: Kingambit|Swords Dance|p2a: Kingambit\n|-boost|p2a: Kingambit|atk|2\n|\n|-heal|p2a: Kingambit|36/100 par|[from] Grassy Terrain\n|-heal|p2a: Kingambit|42/100 par|[from] item: Leftovers\n|upkeep\n|turn|8\n|\n|t:|1788278719\n|-end|p2a: Kingambit|fallen1|[silent]\n|switch|p2a: Great Tusk|Great Tusk|100/100\n|move|p1a: Throat Goat|Thunderclap||[still]\n|-fail|p1a: Throat Goat\n|\n|-sideend|p1: Agent Zyn7|move: Light Screen\n|-fieldend|move: Grassy Terrain\n|upkeep\n|turn|9\n|\n|t:|1788278721\n|-end|p1a: Throat Goat|Protosynthesis|[silent]\n|switch|p1a: Rillaboom|Rillaboom, F|97/100\n|-fieldstart|move: Grassy Terrain|[from] ability: Grassy Surge|[of] p1a: Rillaboom\n|move|p2a: Great Tusk|Earthquake|p1a: Rillaboom\n|-resisted|p1a: Rillaboom\n|-damage|p1a: Rillaboom|86/100\n|\n|-heal|p1a: Rillaboom|92/100|[from] Grassy Terrain\n|upkeep\n|turn|10\n|\n|t:|1788278723\n|-terastallize|p2a: Great Tusk|Steel\n|move|p1a: Rillaboom|Swords Dance|p1a: Rillaboom\n|-boost|p1a: Rillaboom|atk|2\n|move|p2a: Great Tusk|Rapid Spin|p1a: Rillaboom\n|-damage|p1a: Rillaboom|75/100\n|-boost|p2a: Great Tusk|spe|1\n|\n|-heal|p1a: Rillaboom|81/100|[from] Grassy Terrain\n|upkeep\n|turn|11\n|\n|t:|1788278726\n|move|p2a: Great Tusk|Knock Off|p1a: Rillaboom\n|-damage|p1a: Rillaboom|49/100\n|-enditem|p1a: Rillaboom|Life Orb|[from] move: Knock Off|[of] p2a: Great Tusk\n|move|p1a: Rillaboom|High Horsepower|p2a: Great Tusk\n|-supereffective|p2a: Great Tusk\n|-damage|p2a: Great Tusk|30/100\n|\n|-heal|p2a: Great Tusk|37/100|[from] Grassy Terrain\n|-heal|p2a: Great Tusk|43/100|[from] item: Leftovers\n|-heal|p1a: Rillaboom|55/100|[from] Grassy Terrain\n|upkeep\n|turn|12\n|\n|t:|1788278733\n|move|p2a: Great Tusk|Knock Off|p1a: Rillaboom\n|-damage|p1a: Rillaboom|35/100\n|move|p1a: Rillaboom|High Horsepower|p2a: Great Tusk\n|-supereffective|p2a: Great Tusk\n|-damage|p2a: Great Tusk|0 fnt\n|faint|p2a: Great Tusk\n|-end|p2a: Great Tusk|Protosynthesis|[silent]\n|\n|-heal|p1a: Rillaboom|41/100|[from] Grassy Terrain\n|upkeep\n|\n|t:|1788278734\n|switch|p2a: Kingambit|Kingambit, F|42/100 par\n|-activate|p2a: Kingambit|ability: Supreme Overlord\n|-start|p2a: Kingambit|fallen2|[silent]\n|turn|13\n|\n|t:|1788278739\n|move|p1a: Rillaboom|Grassy Glide|p2a: Kingambit\n|-resisted|p2a: Kingambit\n|-damage|p2a: Kingambit|11/100 par\n|cant|p2a: Kingambit|par\n|\n|-heal|p1a: Rillaboom|47/100|[from] Grassy Terrain\n|-heal|p2a: Kingambit|17/100 par|[from] Grassy Terrain\n|-heal|p2a: Kingambit|23/100 par|[from] item: Leftovers\n|-fieldend|move: Grassy Terrain\n|upkeep\n|turn|14\n|\n|t:|1788278743\n|switch|p1a: Wet Ass Pelipper|Pelipper, M|100/100\n|-weather|RainDance|[from] ability: Drizzle|[of] p1a: Wet Ass Pelipper\n|move|p2a: Kingambit|Kowtow Cleave|p1a: Wet Ass Pelipper\n|-damage|p1a: Wet Ass Pelipper|54/100\n|\n|-weather|RainDance|[upkeep]\n|-heal|p2a: Kingambit|30/100 par|[from] item: Leftovers\n|upkeep\n|turn|15\n|\n|t:|1788278747\n|move|p1a: Wet Ass Pelipper|Hurricane|p2a: Kingambit\n|-resisted|p2a: Kingambit\n|-damage|p2a: Kingambit|12/100 par\n|move|p2a: Kingambit|Kowtow Cleave|p1a: Wet Ass Pelipper\n|-damage|p1a: Wet Ass Pelipper|8/100\n|\n|-weather|RainDance|[upkeep]\n|-heal|p2a: Kingambit|18/100 par|[from] item: Leftovers\n|upkeep\n|turn|16\n|\n|t:|1788278750\n|move|p1a: Wet Ass Pelipper|Surf|p2a: Kingambit\n|-damage|p2a: Kingambit|0 fnt\n|faint|p2a: Kingambit\n|-end|p2a: Kingambit|fallen2|[silent]\n|\n|-weather|RainDance|[upkeep]\n|upkeep\n|\n|t:|1788278751\n|switch|p2a: Ogerpon|Ogerpon-Wellspring, F|100/100\n|turn|17\n|\n|t:|1788278753\n|move|p2a: Ogerpon|Ivy Cudgel|p1a: Wet Ass Pelipper|[anim] Ivy Cudgel Water\n|-resisted|p1a: Wet Ass Pelipper\n|-crit|p1a: Wet Ass Pelipper\n|-damage|p1a: Wet Ass Pelipper|0 fnt\n|faint|p1a: Wet Ass Pelipper\n|\n|-weather|RainDance|[upkeep]\n|upkeep\n|\n|t:|1788278757\n|switch|p1a: Throat Goat|Raging Bolt|100/100\n|turn|18\n|\n|t:|1788278760\n|move|p2a: Ogerpon|U-turn|p1a: Throat Goat\n|-damage|p1a: Throat Goat|75/100\n|\n|t:|1788278761\n|switch|p2a: Raging Bolt|Raging Bolt|19/100|[from] U-turn\n|move|p1a: Throat Goat|Thunderbolt|p2a: Raging Bolt\n|-resisted|p2a: Raging Bolt\n|-damage|p2a: Raging Bolt|8/100\n|\n|-weather|RainDance|[upkeep]\n|-heal|p2a: Raging Bolt|14/100|[from] item: Leftovers\n|upkeep\n|turn|19\n|\n|t:|1788278764\n|move|p1a: Throat Goat|Dragon Pulse|p2a: Raging Bolt\n|-supereffective|p2a: Raging Bolt\n|-damage|p2a: Raging Bolt|0 fnt\n|faint|p2a: Raging Bolt\n|-end|p2a: Raging Bolt|Protosynthesis|[silent]\n|\n|-weather|RainDance|[upkeep]\n|upkeep\n|\n|t:|1788278765\n|switch|p2a: Iron Valiant|Iron Valiant|100/100\n|-enditem|p2a: Iron Valiant|Booster Energy\n|-activate|p2a: Iron Valiant|ability: Quark Drive|[fromitem]\n|-start|p2a: Iron Valiant|quarkdrivespe\n|turn|20\n|\n|t:|1788278770\n|-end|p1a: Throat Goat|Protosynthesis|[silent]\n|switch|p1a: Rillaboom|Rillaboom, F|47/100\n|-fieldstart|move: Grassy Terrain|[from] ability: Grassy Surge|[of] p1a: Rillaboom\n|move|p2a: Iron Valiant|Moonblast|p1a: Rillaboom\n|-damage|p1a: Rillaboom|0 fnt\n|faint|p1a: Rillaboom\n|\n|-weather|RainDance|[upkeep]\n|upkeep\n|\n|t:|1788278780\n|switch|p1a: Crescent|Cresselia, F, shiny|100/100\n|turn|21\n|\n|t:|1788278783\n|move|p2a: Iron Valiant|Moonblast|p1a: Crescent\n|-damage|p1a: Crescent|68/100\n|move|p1a: Crescent|Calm Mind|p1a: Crescent\n|-boost|p1a: Crescent|spa|1\n|-boost|p1a: Crescent|spd|1\n|\n|-weather|none\n|-heal|p1a: Crescent|75/100|[from] item: Leftovers\n|upkeep\n|turn|22\n|\n|t:|1788278789\n|move|p2a: Iron Valiant|Encore|p1a: Crescent\n|-start|p1a: Crescent|Encore\n|move|p1a: Crescent|Calm Mind|p1a: Crescent\n|-boost|p1a: Crescent|spa|1\n|-boost|p1a: Crescent|spd|1\n|\n|-heal|p1a: Crescent|81/100|[from] item: Leftovers\n|upkeep\n|turn|23\n|\n|t:|1788278792\n|move|p2a: Iron Valiant|Moonblast|p1a: Crescent\n|-damage|p1a: Crescent|62/100\n|move|p1a: Crescent|Calm Mind|p1a: Crescent\n|-boost|p1a: Crescent|spa|1\n|-boost|p1a: Crescent|spd|1\n|\n|-heal|p1a: Crescent|68/100|[from] item: Leftovers\n|upkeep\n|turn|24\n|\n|t:|1788278794\n|move|p2a: Iron Valiant|Thunderbolt|p1a: Crescent\n|-damage|p1a: Crescent|59/100\n|move|p1a: Crescent|Calm Mind|p1a: Crescent\n|-boost|p1a: Crescent|spa|1\n|-boost|p1a: Crescent|spd|1\n|\n|-heal|p1a: Crescent|66/100|[from] item: Leftovers\n|-end|p1a: Crescent|Encore\n|-fieldend|move: Grassy Terrain\n|upkeep\n|turn|25\n|\n|t:|1788278800\n|switch|p1a: Make It Drop|Manaphy|100/100\n|move|p2a: Iron Valiant|Encore||[still]\n|-fail|p2a: Iron Valiant\n|\n|upkeep\n|turn|26\n|\n|t:|1788278805\n|-terastallize|p1a: Make It Drop|Fairy\n|move|p2a: Iron Valiant|Moonblast|p1a: Make It Drop\n|-damage|p1a: Make It Drop|56/100\n|move|p1a: Make It Drop|Alluring Voice|p2a: Iron Valiant\n|-supereffective|p2a: Iron Valiant\n|-damage|p2a: Iron Valiant|0 fnt\n|faint|p2a: Iron Valiant\n|-end|p2a: Iron Valiant|Quark Drive|[silent]\n|\n|upkeep\n|\n|t:|1788278805\n|switch|p2a: Ogerpon|Ogerpon-Wellspring, F|100/100\n|turn|27\n|\n|t:|1788278811\n|move|p2a: Ogerpon|Power Whip|p1a: Make It Drop\n|-damage|p1a: Make It Drop|0 fnt\n|faint|p1a: Make It Drop\n|\n|upkeep\n|\n|t:|1788278822\n|switch|p1a: Throat Goat|Raging Bolt|75/100\n|turn|28\n|\n|t:|1788278824\n|move|p2a: Ogerpon|Ivy Cudgel|p1a: Throat Goat|[anim] Ivy Cudgel Water\n|-resisted|p1a: Throat Goat\n|-damage|p1a: Throat Goat|48/100\n|move|p1a: Throat Goat|Thunderbolt|p2a: Ogerpon\n|-damage|p2a: Ogerpon|32/100\n|\n|upkeep\n|turn|29\n|\n|t:|1788278827\n|move|p1a: Throat Goat|Thunderclap|p2a: Ogerpon\n|-damage|p2a: Ogerpon|0 fnt\n|faint|p2a: Ogerpon\n|\n|win|Agent Zyn7\n|raw|Agent Zyn7's rating: 1685 &rarr; <strong>1703</strong><br />(+18 for winning)\n|raw|kangarooteam1's rating: 1646 &rarr; <strong>1628</strong><br />(-18 for losing)\n", "uploadtime": 1788278827, "views": "0", "formatid": "gen9ou", "rating": 1628, "private": 0, "password": null}