{"id": "gen9ou-2673853013", "format": "[Gen 9] OU", "players": ["thiccdug", "kangarooteam1"], "log": "|j|\u2606thiccdug\n|j|\u2606kangarooteam1\n|t:|1788268710\n|gametype|singles\n|player|p1|thiccdug|266|1573\n|player|p2|kangarooteam1|1|1596\n|gen|9\n|tier|[Gen 9] OU\n|rated|\n|rule|HP Percentage Mod: HP is shown in percentages\n|rule|Endless Battle Clause: Forcing endless battles is banned\n|rule|Species Clause: Limit one of each Pok\u00e9mon\n|rule|OHKO Clause: OHKO moves are banned\n|rule|Evasion Items Clause: Evasion items are banned\n|rule|Evasion Moves Clause: Evasion moves are banned\n|rule|Evasion Abilities Clause: Evasion abilities are banned\n|rule|Sleep Moves Clause: Sleep-inducing moves are banned\n|clearpoke\n|poke|p1|Hawlucha, F|\n|poke|p1|Samurott-Hisui, F|\n|poke|p1|Rillaboom, F|\n|poke|p1|Gholdengo|\n|poke|p1|Kyurem|\n|poke|p1|Landorus-Therian, M|\n|poke|p2|Great Tusk|\n|poke|p2|Gholdengo|\n|poke|p2|Raging Bolt|\n|poke|p2|Iron Valiant|\n|poke|p2|Ogerpon-Wellspring, F|\n|poke|p2|Kingambit, F|\n|teampreview\n|inactive|Battle timer is ON: inactive players will automatically lose when time's up. (requested by thiccdug)\n|inactive|kangarooteam1 also wants the timer to be on.\n|\n|t:|1788268714\n|teamsize|p1|6\n|teamsize|p2|6\n|start\n|switch|p1a: Kyurem|Kyurem|100/100\n|switch|p2a: Gholdengo|Gholdengo|100/100\n|-ability|p1a: Kyurem|Pressure\n|-item|p2a: Gholdengo|Air Balloon\n|turn|1\n|\n|t:|1788268716\n|switch|p1a: Samurott|Samurott-Hisui, F|100/100\n|move|p2a: Gholdengo|Make It Rain|p1a: Samurott\n|-resisted|p1a: Samurott\n|-damage|p1a: Samurott|81/100\n|-unboost|p2a: Gholdengo|spa|1\n|\n|upkeep\n|turn|2\n|\n|t:|1788268719\n|switch|p2a: Great Tusk|Great Tusk|100/100\n|move|p1a: Samurott|Ceaseless Edge|p2a: Great Tusk\n|-resisted|p2a: Great Tusk\n|-damage|p2a: Great Tusk|91/100\n|-sidestart|p2: kangarooteam1|Spikes\n|\n|-heal|p2a: Great Tusk|97/100|[from] item: Leftovers\n|upkeep\n|turn|3\n|\n|t:|1788268722\n|switch|p1a: Gholdengo|Gholdengo|100/100\n|move|p2a: Great Tusk|Stealth Rock|p1a: Gholdengo\n|-sidestart|p1: thiccdug|move: Stealth Rock\n|\n|-heal|p2a: Great Tusk|100/100|[from] item: Leftovers\n|upkeep\n|turn|4\n|\n|t:|1788268724\n|move|p1a: Gholdengo|Make It Rain|p2a: Great Tusk\n|-damage|p2a: Great Tusk|13/100\n|-unboost|p1a: Gholdengo|spa|1\n|move|p2a: Great Tusk|Earthquake|p1a: Gholdengo\n|-supereffective|p1a: Gholdengo\n|-damage|p1a: Gholdengo|0 fnt\n|faint|p1a: Gholdengo\n|\n|-heal|p2a: Great Tusk|19/100|[from] item: Leftovers\n|upkeep\n|\n|t:|1788268728\n|switch|p1a: Rillaboom|Rillaboom, F|100/100\n|-damage|p1a: Rillaboom|88/100|[from] Stealth Rock\n|-fieldstart|move: Grassy Terrain|[from] ability: Grassy Surge|[of] p1a: Rillaboom\n|turn|5\n|\n|t:|1788268733\n|-end|p2a: Great Tusk|Protosynthesis|[silent]\n|switch|p2a: Kingambit|Kingambit, F|100/100\n|-damage|p2a: Kingambit|88/100|[from] Spikes\n|move|p1a: Rillaboom|Grassy Glide|p2a: Kingambit\n|-resisted|p2a: Kingambit\n|-damage|p2a: Kingambit|72/100\n|\n|-heal|p1a: Rillaboom|94/100|[from] Grassy Terrain\n|-heal|p2a: Kingambit|79/100|[from] Grassy Terrain\n|-heal|p2a: Kingambit|85/100|[from] item: Leftovers\n|upkeep\n|turn|6\n|j| arnavgr\n|\n|t:|1788268736\n|switch|p1a: Landorus|Landorus-Therian, M|100/100\n|-damage|p1a: Landorus|88/100|[from] Stealth Rock\n|-ability|p1a: Landorus|Intimidate|boost\n|-unboost|p2a: Kingambit|atk|1\n|move|p2a: Kingambit|Swords Dance|p2a: Kingambit\n|-boost|p2a: Kingambit|atk|2\n|\n|-heal|p2a: Kingambit|91/100|[from] Grassy Terrain\n|-heal|p2a: Kingambit|97/100|[from] item: Leftovers\n|upkeep\n|turn|7\n|\n|t:|1788268739\n|move|p1a: Landorus|Earth Power|p2a: Kingambit\n|-supereffective|p2a: Kingambit\n|-damage|p2a: Kingambit|36/100\n|move|p2a: Kingambit|Kowtow Cleave|p1a: Landorus\n|-damage|p1a: Landorus|22/100\n|-damage|p2a: Kingambit|19/100|[from] item: Rocky Helmet|[of] p1a: Landorus\n|\n|-heal|p2a: Kingambit|26/100|[from] Grassy Terrain\n|-heal|p2a: Kingambit|32/100|[from] item: Leftovers\n|upkeep\n|turn|8\n|\n|t:|1788268742\n|move|p2a: Kingambit|Sucker Punch||[still]\n|-fail|p2a: Kingambit\n|move|p1a: Landorus|Stealth Rock|p2a: Kingambit\n|-sidestart|p2: kangarooteam1|move: Stealth Rock\n|\n|-heal|p2a: Kingambit|38/100|[from] Grassy Terrain\n|-heal|p2a: Kingambit|44/100|[from] item: Leftovers\n|upkeep\n|turn|9\n|\n|t:|1788268744\n|move|p2a: Kingambit|Sucker Punch||[still]\n|-fail|p2a: Kingambit\n|move|p1a: Landorus|Taunt|p2a: Kingambit\n|-start|p2a: Kingambit|move: Taunt\n|\n|-heal|p2a: Kingambit|51/100|[from] Grassy Terrain\n|-heal|p2a: Kingambit|57/100|[from] item: Leftovers\n|-fieldend|move: Grassy Terrain\n|upkeep\n|turn|10\n|\n|t:|1788268747\n|move|p2a: Kingambit|Sucker Punch|p1a: Landorus\n|-damage|p1a: Landorus|0 fnt\n|-damage|p2a: Kingambit|40/100|[from] item: Rocky Helmet|[of] p1a: Landorus\n|faint|p1a: Landorus\n|\n|-heal|p2a: Kingambit|47/100|[from] item: Leftovers\n|upkeep\n|\n|t:|1788268751\n|switch|p1a: Rillaboom|Rillaboom, F|94/100\n|-damage|p1a: Rillaboom|82/100|[from] Stealth Rock\n|-fieldstart|move: Grassy Terrain|[from] ability: Grassy Surge|[of] p1a: Rillaboom\n|turn|11\n|\n|t:|1788268758\n|move|p1a: Rillaboom|Wood Hammer|p2a: Kingambit\n|-resisted|p2a: Kingambit\n|-damage|p2a: Kingambit|14/100\n|-damage|p1a: Rillaboom|70/100|[from] Recoil\n|move|p2a: Kingambit|Iron Head|p1a: Rillaboom\n|-damage|p1a: Rillaboom|0 fnt\n|faint|p1a: Rillaboom\n|\n|-heal|p2a: Kingambit|21/100|[from] Grassy Terrain\n|-heal|p2a: Kingambit|27/100|[from] item: Leftovers\n|upkeep\n|\n|t:|1788268761\n|switch|p1a: Hawlucha|Hawlucha, F|100/100\n|-damage|p1a: Hawlucha|88/100|[from] Stealth Rock\n|-enditem|p1a: Hawlucha|Grassy Seed\n|-boost|p1a: Hawlucha|def|1|[from] item: Grassy Seed\n|turn|12\n|\n|t:|1788268763\n|move|p1a: Hawlucha|Swords Dance|p1a: Hawlucha\n|-boost|p1a: Hawlucha|atk|2\n|move|p2a: Kingambit|Iron Head|p1a: Hawlucha\n|-damage|p1a: Hawlucha|30/100\n|\n|-heal|p2a: Kingambit|33/100|[from] Grassy Terrain\n|-heal|p2a: Kingambit|39/100|[from] item: Leftovers\n|-end|p2a: Kingambit|move: Taunt\n|upkeep\n|turn|13\n|\n|t:|1788268765\n|move|p2a: Kingambit|Sucker Punch||[still]\n|-fail|p2a: Kingambit\n|move|p1a: Hawlucha|Roost|p1a: Hawlucha\n|-heal|p1a: Hawlucha|80/100\n|-singleturn|p1a: Hawlucha|move: Roost\n|\n|-heal|p1a: Hawlucha|86/100|[from] Grassy Terrain\n|-heal|p2a: Kingambit|46/100|[from] Grassy Terrain\n|-heal|p2a: Kingambit|52/100|[from] item: Leftovers\n|upkeep\n|turn|14\n|\n|t:|1788268767\n|move|p1a: Hawlucha|Low Kick|p2a: Kingambit\n|-supereffective|p2a: Kingambit\n|-damage|p2a: Kingambit|0 fnt\n|faint|p2a: Kingambit\n|-end|p2a: Kingambit|fallenundefined|[silent]\n|\n|upkeep\n|\n|t:|1788268768\n|switch|p2a: Gholdengo|Gholdengo|100/100\n|-damage|p2a: Gholdengo|94/100|[from] Stealth Rock\n|-item|p2a: Gholdengo|Air Balloon\n|turn|15\n|\n|t:|1788268772\n|move|p1a: Hawlucha|Acrobatics|p2a: Gholdengo\n|-resisted|p2a: Gholdengo\n|-damage|p2a: Gholdengo|38/100\n|-enditem|p2a: Gholdengo|Air Balloon\n|move|p2a: Gholdengo|Make It Rain|p1a: Hawlucha\n|-damage|p1a: Hawlucha|0 fnt\n|-unboost|p2a: Gholdengo|spa|1\n|faint|p1a: Hawlucha\n|\n|-heal|p2a: Gholdengo|44/100|[from] Grassy Terrain\n|-fieldend|move: Grassy Terrain\n|upkeep\n|\n|t:|1788268774\n|switch|p1a: Samurott|Samurott-Hisui, F|81/100\n|-damage|p1a: Samurott|69/100|[from] Stealth Rock\n|turn|16\n|\n|t:|1788268775\n|switch|p2a: Iron Valiant|Iron Valiant|100/100\n|-damage|p2a: Iron Valiant|88/100|[from] Spikes\n|-damage|p2a: Iron Valiant|82/100|[from] Stealth Rock\n|-enditem|p2a: Iron Valiant|Booster Energy\n|-activate|p2a: Iron Valiant|ability: Quark Drive|[fromitem]\n|-start|p2a: Iron Valiant|quarkdrivespe\n|move|p1a: Samurott|Ceaseless Edge|p2a: Iron Valiant\n|-resisted|p2a: Iron Valiant\n|-damage|p2a: Iron Valiant|69/100\n|-sidestart|p2: kangarooteam1|Spikes\n|\n|upkeep\n|turn|17\n|\n|t:|1788268778\n|move|p1a: Samurott|Sucker Punch|p2a: Iron Valiant\n|-resisted|p2a: Iron Valiant\n|-damage|p2a: Iron Valiant|59/100\n|move|p2a: Iron Valiant|Close Combat|p1a: Samurott\n|-supereffective|p1a: Samurott\n|-damage|p1a: Samurott|0 fnt\n|-unboost|p2a: Iron Valiant|def|1\n|-unboost|p2a: Iron Valiant|spd|1\n|faint|p1a: Samurott\n|\n|upkeep\n|\n|t:|1788268780\n|switch|p1a: Kyurem|Kyurem|100/100\n|-damage|p1a: Kyurem|76/100|[from] Stealth Rock\n|-ability|p1a: Kyurem|Pressure\n|turn|18\n|-message|thiccdug forfeited.\n|\n|win|kangarooteam1\n|raw|thiccdug's rating: 1573 &rarr; <strong>1554</strong><br />(-19 for losing)\n|raw|kangarooteam1's rating: 1596 &rarr; <strong>1615</strong><br />(+19 for winning)\n|l|\u2606thiccdug\n|player|p1|\n", "uploadtime": 1788268785, "views": "2", "formatid": "gen9ou", "rating": 1554, "private": 0, "password": null}