{"id": "gen9ou-2673854794", "format": "[Gen 9] OU", "players": ["Palaverism", "kangarooteam1"], "log": "|j|\u2606Palaverism\n|j|\u2606kangarooteam1\n|t:|1788268969\n|gametype|singles\n|player|p1|Palaverism|preschooler|1579\n|player|p2|kangarooteam1|1|1592\n|gen|9\n|tier|[Gen 9] OU\n|rated|\n|rule|HP Percentage Mod: HP is shown in percentages\n|rule|Endless Battle Clause: Forcing endless battles is banned\n|rule|Species Clause: Limit one of each Pok\u00e9mon\n|rule|OHKO Clause: OHKO moves are banned\n|rule|Evasion Items Clause: Evasion items are banned\n|rule|Evasion Moves Clause: Evasion moves are banned\n|rule|Evasion Abilities Clause: Evasion abilities are banned\n|rule|Sleep Moves Clause: Sleep-inducing moves are banned\n|clearpoke\n|poke|p1|Ogerpon-Wellspring, F|\n|poke|p1|Iron Crown|\n|poke|p1|Ting-Lu|\n|poke|p1|Darkrai|\n|poke|p1|Iron Valiant|\n|poke|p1|Corviknight, F|\n|poke|p2|Great Tusk|\n|poke|p2|Gholdengo|\n|poke|p2|Raging Bolt|\n|poke|p2|Iron Valiant|\n|poke|p2|Ogerpon-Wellspring, F|\n|poke|p2|Kingambit, M|\n|teampreview\n|inactive|Battle timer is ON: inactive players will automatically lose when time's up. (requested by kangarooteam1)\n|inactive|Palaverism has 120 seconds left.\n|\n|t:|1788269010\n|teamsize|p1|6\n|teamsize|p2|6\n|start\n|switch|p1a: Darkrai|Darkrai|100/100\n|switch|p2a: Ogerpon|Ogerpon-Wellspring, F|100/100\n|turn|1\n|\n|t:|1788269018\n|switch|p2a: Raging Bolt|Raging Bolt|100/100\n|move|p1a: Darkrai|Sludge Bomb|p2a: Raging Bolt\n|-damage|p2a: Raging Bolt|75/100\n|\n|-heal|p2a: Raging Bolt|81/100|[from] item: Leftovers\n|upkeep\n|turn|2\n|\n|t:|1788269034\n|move|p1a: Darkrai|Ice Beam|p2a: Raging Bolt\n|-supereffective|p2a: Raging Bolt\n|-damage|p2a: Raging Bolt|27/100\n|move|p2a: Raging Bolt|Dragon Pulse|p1a: Darkrai\n|-damage|p1a: Darkrai|38/100\n|\n|-heal|p2a: Raging Bolt|33/100|[from] item: Leftovers\n|upkeep\n|turn|3\n|j| arnavgr\n|inactive|Palaverism has 120 seconds left.\n|\n|t:|1788269063\n|switch|p1a: Ting-Lu|Ting-Lu|100/100\n|-ability|p1a: Ting-Lu|Vessel of Ruin\n|move|p2a: Raging Bolt|Thunderclap||[still]\n|-fail|p2a: Raging Bolt\n|\n|-heal|p2a: Raging Bolt|40/100|[from] item: Leftovers\n|upkeep\n|turn|4\n|\n|t:|1788269070\n|-end|p2a: Raging Bolt|Protosynthesis|[silent]\n|switch|p2a: Great Tusk|Great Tusk|100/100\n|move|p1a: Ting-Lu|Earthquake|p2a: Great Tusk\n|-damage|p2a: Great Tusk|81/100\n|\n|-heal|p2a: Great Tusk|87/100|[from] item: Leftovers\n|upkeep\n|turn|5\n|inactive|Palaverism has 120 seconds left.\n|\n|t:|1788269095\n|switch|p1a: Ogerpon|Ogerpon-Wellspring, F|100/100\n|move|p2a: Great Tusk|Stealth Rock|p1a: Ogerpon\n|-sidestart|p1: Palaverism|move: Stealth Rock\n|\n|-heal|p2a: Great Tusk|94/100|[from] item: Leftovers\n|upkeep\n|turn|6\n|\n|t:|1788269106\n|-end|p2a: Great Tusk|Protosynthesis|[silent]\n|switch|p2a: Kingambit|Kingambit, M|100/100\n|move|p1a: Ogerpon|Knock Off|p2a: Kingambit\n|-resisted|p2a: Kingambit\n|-damage|p2a: Kingambit|88/100\n|-enditem|p2a: Kingambit|Leftovers|[from] move: Knock Off|[of] p1a: Ogerpon\n|\n|upkeep\n|turn|7\n|\n|t:|1788269117\n|switch|p1a: Corviknight|Corviknight, F|100/100\n|-damage|p1a: Corviknight|88/100|[from] Stealth Rock\n|-ability|p1a: Corviknight|Pressure\n|move|p2a: Kingambit|Swords Dance|p2a: Kingambit\n|-boost|p2a: Kingambit|atk|2\n|\n|upkeep\n|turn|8\n|\n|t:|1788269123\n|move|p1a: Corviknight|Body Press|p2a: Kingambit\n|-supereffective|p2a: Kingambit\n|-damage|p2a: Kingambit|13/100\n|move|p2a: Kingambit|Swords Dance|p2a: Kingambit\n|-boost|p2a: Kingambit|atk|2\n|\n|upkeep\n|turn|9\n|inactive|Palaverism has 120 seconds left.\n|\n|t:|1788269129\n|move|p2a: Kingambit|Sucker Punch||[still]\n|-fail|p2a: Kingambit\n|move|p1a: Corviknight|Iron Defense|p1a: Corviknight\n|-boost|p1a: Corviknight|def|2\n|\n|upkeep\n|turn|10\n|\n|t:|1788269132\n|-end|p2a: Kingambit|fallenundefined|[silent]\n|switch|p2a: Gholdengo|Gholdengo|100/100\n|-item|p2a: Gholdengo|Air Balloon\n|move|p1a: Corviknight|Iron Defense|p1a: Corviknight\n|-boost|p1a: Corviknight|def|2\n|\n|upkeep\n|turn|11\n|inactive|Palaverism has 120 seconds left.\n|\n|t:|1788269159\n|switch|p1a: Darkrai|Darkrai|38/100\n|move|p2a: Gholdengo|Nasty Plot|p2a: Gholdengo\n|-boost|p2a: Gholdengo|spa|2\n|\n|upkeep\n|turn|12\n|\n|t:|1788269164\n|switch|p2a: Iron Valiant|Iron Valiant|100/100\n|-enditem|p2a: Iron Valiant|Booster Energy\n|-activate|p2a: Iron Valiant|ability: Quark Drive|[fromitem]\n|-start|p2a: Iron Valiant|quarkdrivespe\n|move|p1a: Darkrai|Dark Pulse|p2a: Iron Valiant\n|-resisted|p2a: Iron Valiant\n|-damage|p2a: Iron Valiant|83/100\n|\n|upkeep\n|turn|13\n|inactive|Palaverism has 120 seconds left.\n|\n|t:|1788269190\n|-terastallize|p1a: Darkrai|Poison\n|move|p2a: Iron Valiant|Moonblast|p1a: Darkrai\n|-resisted|p1a: Darkrai\n|-damage|p1a: Darkrai|9/100\n|-unboost|p1a: Darkrai|spa|1\n|move|p1a: Darkrai|Sludge Bomb|p2a: Iron Valiant\n|-supereffective|p2a: Iron Valiant\n|-damage|p2a: Iron Valiant|0 fnt\n|faint|p2a: Iron Valiant\n|-end|p2a: Iron Valiant|Quark Drive|[silent]\n|\n|upkeep\n|\n|t:|1788269191\n|switch|p2a: Ogerpon|Ogerpon-Wellspring, F|100/100\n|turn|14\n|inactive|Palaverism has 120 seconds left.\n|\n|t:|1788269208\n|move|p1a: Darkrai|Sludge Bomb|p2a: Ogerpon\n|-supereffective|p2a: Ogerpon\n|-damage|p2a: Ogerpon|27/100\n|move|p2a: Ogerpon|Ivy Cudgel|p1a: Darkrai|[anim] Ivy Cudgel Water\n|-damage|p1a: Darkrai|0 fnt\n|faint|p1a: Darkrai\n|\n|upkeep\n|\n|t:|1788269225\n|switch|p1a: Iron Valiant|Iron Valiant|100/100\n|-damage|p1a: Iron Valiant|94/100|[from] Stealth Rock\n|-enditem|p1a: Iron Valiant|Booster Energy\n|-activate|p1a: Iron Valiant|ability: Quark Drive|[fromitem]\n|-start|p1a: Iron Valiant|quarkdrivespe\n|turn|15\n|\n|t:|1788269234\n|switch|p2a: Kingambit|Kingambit, M|13/100\n|-activate|p2a: Kingambit|ability: Supreme Overlord\n|-start|p2a: Kingambit|fallen1|[silent]\n|move|p1a: Iron Valiant|Shadow Ball|p2a: Kingambit\n|-resisted|p2a: Kingambit\n|-damage|p2a: Kingambit|0 fnt\n|faint|p2a: Kingambit\n|-end|p2a: Kingambit|fallen1|[silent]\n|\n|upkeep\n|\n|t:|1788269235\n|switch|p2a: Gholdengo|Gholdengo|100/100\n|-item|p2a: Gholdengo|Air Balloon\n|turn|16\n|\n|t:|1788269247\n|-end|p1a: Iron Valiant|Quark Drive|[silent]\n|switch|p1a: Ting-Lu|Ting-Lu|100/100\n|-damage|p1a: Ting-Lu|94/100|[from] Stealth Rock\n|-ability|p1a: Ting-Lu|Vessel of Ruin\n|move|p2a: Gholdengo|Make It Rain|p1a: Ting-Lu\n|-damage|p1a: Ting-Lu|68/100\n|-unboost|p2a: Gholdengo|spa|1\n|\n|-heal|p1a: Ting-Lu|74/100|[from] item: Leftovers\n|upkeep\n|turn|17\n|\n|t:|1788269259\n|switch|p1a: Iron Crown|Iron Crown|100/100\n|-damage|p1a: Iron Crown|94/100|[from] Stealth Rock\n|move|p2a: Gholdengo|Nasty Plot|p2a: Gholdengo\n|-boost|p2a: Gholdengo|spa|2\n|\n|upkeep\n|turn|18\n|\n|t:|1788269263\n|switch|p2a: Great Tusk|Great Tusk|94/100\n|move|p1a: Iron Crown|Volt Switch|p2a: Great Tusk\n|-immune|p2a: Great Tusk\n|\n|-heal|p2a: Great Tusk|99/100|[from] item: Leftovers\n|upkeep\n|turn|19\n|\n|t:|1788269270\n|-end|p1a: Iron Crown|Quark Drive|[silent]\n|switch|p1a: Corviknight|Corviknight, F|88/100\n|-damage|p1a: Corviknight|75/100|[from] Stealth Rock\n|-ability|p1a: Corviknight|Pressure\n|move|p2a: Great Tusk|Earthquake|p1a: Corviknight\n|-immune|p1a: Corviknight\n|\n|-heal|p2a: Great Tusk|100/100|[from] item: Leftovers\n|upkeep\n|turn|20\n|\n|t:|1788269277\n|-end|p2a: Great Tusk|Protosynthesis|[silent]\n|switch|p2a: Gholdengo|Gholdengo|100/100\n|-item|p2a: Gholdengo|Air Balloon\n|switch|p1a: Ting-Lu|Ting-Lu|74/100\n|-damage|p1a: Ting-Lu|68/100|[from] Stealth Rock\n|-ability|p1a: Ting-Lu|Vessel of Ruin\n|\n|-heal|p1a: Ting-Lu|74/100|[from] item: Leftovers\n|upkeep\n|turn|21\n|\n|t:|1788269280\n|move|p2a: Gholdengo|Nasty Plot|p2a: Gholdengo\n|-boost|p2a: Gholdengo|spa|2\n|move|p1a: Ting-Lu|Ruination|p2a: Gholdengo\n|-damage|p2a: Gholdengo|51/100\n|-enditem|p2a: Gholdengo|Air Balloon\n|\n|-heal|p1a: Ting-Lu|80/100|[from] item: Leftovers\n|upkeep\n|turn|22\n|\n|t:|1788269284\n|move|p2a: Gholdengo|Make It Rain|p1a: Ting-Lu\n|-damage|p1a: Ting-Lu|28/100\n|-unboost|p2a: Gholdengo|spa|1\n|move|p1a: Ting-Lu|Earthquake|p2a: Gholdengo\n|-supereffective|p2a: Gholdengo\n|-damage|p2a: Gholdengo|0 fnt\n|faint|p2a: Gholdengo\n|\n|-heal|p1a: Ting-Lu|34/100|[from] item: Leftovers\n|upkeep\n|\n|t:|1788269285\n|switch|p2a: Ogerpon|Ogerpon-Wellspring, F|27/100\n|turn|23\n|inactive|Palaverism has 120 seconds left.\n|\n|t:|1788269318\n|switch|p1a: Corviknight|Corviknight, F|75/100\n|-damage|p1a: Corviknight|63/100|[from] Stealth Rock\n|-ability|p1a: Corviknight|Pressure\n|move|p2a: Ogerpon|U-turn|p1a: Corviknight\n|-resisted|p1a: Corviknight\n|-damage|p1a: Corviknight|59/100\n|-damage|p2a: Ogerpon|10/100|[from] item: Rocky Helmet|[of] p1a: Corviknight\n|\n|t:|1788269320\n|switch|p2a: Raging Bolt|Raging Bolt|40/100|[from] U-turn\n|\n|-heal|p2a: Raging Bolt|46/100|[from] item: Leftovers\n|upkeep\n|turn|24\n|\n|t:|1788269324\n|switch|p1a: Ting-Lu|Ting-Lu|34/100\n|-damage|p1a: Ting-Lu|28/100|[from] Stealth Rock\n|-ability|p1a: Ting-Lu|Vessel of Ruin\n|move|p2a: Raging Bolt|Calm Mind|p2a: Raging Bolt\n|-boost|p2a: Raging Bolt|spa|1\n|-boost|p2a: Raging Bolt|spd|1\n|\n|-heal|p2a: Raging Bolt|52/100|[from] item: Leftovers\n|-heal|p1a: Ting-Lu|34/100|[from] item: Leftovers\n|upkeep\n|turn|25\n|\n|t:|1788269326\n|-terastallize|p2a: Raging Bolt|Fairy\n|move|p2a: Raging Bolt|Dragon Pulse|p1a: Ting-Lu\n|-damage|p1a: Ting-Lu|0 fnt\n|faint|p1a: Ting-Lu\n|\n|-heal|p2a: Raging Bolt|58/100|[from] item: Leftovers\n|upkeep\n|\n|t:|1788269331\n|switch|p1a: Iron Crown|Iron Crown|94/100\n|-damage|p1a: Iron Crown|88/100|[from] Stealth Rock\n|turn|26\n|\n|t:|1788269333\n|move|p1a: Iron Crown|Tachyon Cutter|p2a: Raging Bolt\n|-supereffective|p2a: Raging Bolt\n|-damage|p2a: Raging Bolt|19/100\n|-supereffective|p2a: Raging Bolt\n|-damage|p2a: Raging Bolt|0 fnt\n|faint|p2a: Raging Bolt\n|-end|p2a: Raging Bolt|Protosynthesis|[silent]\n|-hitcount|p2: Raging Bolt|2\n|\n|upkeep\n|\n|t:|1788269334\n|switch|p2a: Great Tusk|Great Tusk|100/100\n|turn|27\n|\n|t:|1788269338\n|move|p1a: Iron Crown|Tachyon Cutter|p2a: Great Tusk\n|-damage|p2a: Great Tusk|56/100\n|-damage|p2a: Great Tusk|5/100\n|-hitcount|p2a: Great Tusk|2\n|move|p2a: Great Tusk|Rapid Spin|p1a: Iron Crown\n|-resisted|p1a: Iron Crown\n|-crit|p1a: Iron Crown\n|-damage|p1a: Iron Crown|76/100\n|-boost|p2a: Great Tusk|spe|1\n|\n|-heal|p2a: Great Tusk|12/100|[from] item: Leftovers\n|upkeep\n|turn|28\n|\n|t:|1788269346\n|-end|p1a: Iron Crown|Quark Drive|[silent]\n|switch|p1a: Corviknight|Corviknight, F|59/100\n|-damage|p1a: Corviknight|46/100|[from] Stealth Rock\n|-ability|p1a: Corviknight|Pressure\n|move|p2a: Great Tusk|Earthquake|p1a: Corviknight\n|-immune|p1a: Corviknight\n|\n|-heal|p2a: Great Tusk|18/100|[from] item: Leftovers\n|upkeep\n|turn|29\n|\n|t:|1788269350\n|move|p2a: Great Tusk|Earthquake|p1a: Corviknight\n|-immune|p1a: Corviknight\n|move|p1a: Corviknight|Body Press|p2a: Great Tusk\n|-damage|p2a: Great Tusk|5/100\n|\n|-heal|p2a: Great Tusk|11/100|[from] item: Leftovers\n|upkeep\n|turn|30\n|\n|t:|1788269354\n|move|p2a: Great Tusk|Knock Off|p1a: Corviknight\n|-damage|p1a: Corviknight|29/100\n|-damage|p2a: Great Tusk|0 fnt|[from] item: Rocky Helmet|[of] p1a: Corviknight\n|faint|p2a: Great Tusk\n|-end|p2a: Great Tusk|Protosynthesis|[silent]\n|move|p1a: Corviknight|Roost|p1a: Corviknight\n|-heal|p1a: Corviknight|79/100\n|-singleturn|p1a: Corviknight|move: Roost\n|\n|upkeep\n|\n|t:|1788269355\n|switch|p2a: Ogerpon|Ogerpon-Wellspring, F|10/100\n|turn|31\n|\n|t:|1788269360\n|move|p2a: Ogerpon|Ivy Cudgel|p1a: Corviknight|[anim] Ivy Cudgel Water\n|-damage|p1a: Corviknight|41/100\n|move|p1a: Corviknight|Body Press|p2a: Ogerpon\n|-damage|p2a: Ogerpon|0 fnt\n|faint|p2a: Ogerpon\n|\n|win|Palaverism\n|raw|Palaverism's rating: 1579 &rarr; <strong>1600</strong><br />(+21 for winning)\n|raw|kangarooteam1's rating: 1592 &rarr; <strong>1571</strong><br />(-21 for losing)\n|j| Hdjdjdjehej\n|l|\u2606kangarooteam1\n|player|p2|\n|l| arnavgr\n", "uploadtime": 1788269361, "views": "1", "formatid": "gen9ou", "rating": 1571, "private": 0, "password": null}