{"id": "gen9ou-2674053924", "format": "[Gen 9] OU", "players": ["loveroxebec", "Shartlyfe19"], "log": "|badge|p1|bronze|gen9monotype|100-10\n|uhtml|medal-msg|<div class=\"broadcast-blue\">Curious what those medals under the avatar are? PS now has Ladder Seasons! For more information, check out the <a href=\"https://www.smogon.com/forums/threads/3740067/\">thread on Smogon.</a></div>\n|j|\u2606loveroxebec\n|j|\u2606Shartlyfe19\n|t:|1788293073\n|gametype|singles\n|player|p1|loveroxebec|rood|1425\n|player|p2|Shartlyfe19|102|1438\n|gen|9\n|tier|[Gen 9] OU\n|rated|\n|rule|HP Percentage Mod: HP is shown in percentages\n|rule|Endless Battle Clause: Forcing endless battles is banned\n|rule|Species Clause: Limit one of each Pok\u00e9mon\n|rule|OHKO Clause: OHKO moves are banned\n|rule|Evasion Items Clause: Evasion items are banned\n|rule|Evasion Moves Clause: Evasion moves are banned\n|rule|Evasion Abilities Clause: Evasion abilities are banned\n|rule|Sleep Moves Clause: Sleep-inducing moves are banned\n|clearpoke\n|poke|p1|Dragapult, M|\n|poke|p1|Great Tusk|\n|poke|p1|Tornadus-Therian, M|\n|poke|p1|Pecharunt|\n|poke|p1|Ogerpon-Wellspring, F|\n|poke|p1|Zamazenta-*|\n|poke|p2|Tinkaton, F|\n|poke|p2|Ogerpon, F|\n|poke|p2|Great Tusk|\n|poke|p2|Pecharunt|\n|poke|p2|Alomomola, M|\n|poke|p2|Hydreigon, M|\n|teampreview\n|inactive|Battle timer is ON: inactive players will automatically lose when time's up. (requested by loveroxebec)\n|\n|t:|1788293096\n|teamsize|p1|6\n|teamsize|p2|6\n|start\n|switch|p1a: Ogerpon|Ogerpon-Wellspring, F|100/100\n|switch|p2a: Ogerpon|Ogerpon, F|100/100\n|turn|1\n|\n|t:|1788293101\n|-terastallize|p2a: Ogerpon|Grass\n|detailschange|p2a: Ogerpon|Ogerpon-Teal-Tera, F, tera:Grass\n|-ability|p2a: Ogerpon|Embody Aspect (Teal)|boost\n|-boost|p2a: Ogerpon|spe|1\n|move|p2a: Ogerpon|Ivy Cudgel|p1a: Ogerpon\n|-damage|p1a: Ogerpon|0 fnt\n|faint|p1a: Ogerpon\n|\n|upkeep\n|\n|t:|1788293111\n|switch|p1a: Tornadus|Tornadus-Therian, M|100/100\n|turn|2\n|\n|t:|1788293115\n|switch|p2a: Pecharunt|Pecharunt|100/100\n|move|p1a: Tornadus|Heat Wave|p2a: Pecharunt\n|-damage|p2a: Pecharunt|79/100\n|\n|upkeep\n|turn|3\n|\n|t:|1788293122\n|move|p1a: Tornadus|Knock Off|p2a: Pecharunt\n|-supereffective|p2a: Pecharunt\n|-damage|p2a: Pecharunt|59/100\n|-damage|p1a: Tornadus|84/100|[from] item: Rocky Helmet|[of] p2a: Pecharunt\n|-enditem|p2a: Pecharunt|Rocky Helmet|[from] move: Knock Off|[of] p1a: Tornadus\n|move|p2a: Pecharunt|Malignant Chain|p1a: Tornadus\n|-damage|p1a: Tornadus|62/100\n|-status|p1a: Tornadus|tox\n|-start|p1a: Tornadus|confusion|[from] ability: Poison Puppeteer|[of] p2a: Pecharunt\n|\n|-damage|p1a: Tornadus|56/100 tox|[from] psn\n|upkeep\n|turn|4\n|\n|t:|1788293134\n|-activate|p1a: Tornadus|confusion\n|move|p1a: Tornadus|U-turn|p2a: Pecharunt\n|-resisted|p2a: Pecharunt\n|-damage|p2a: Pecharunt|58/100\n|\n|t:|1788293140\n|switch|p1a: Pecharunt|Pecharunt|100/100|[from] U-turn\n|move|p2a: Pecharunt|Recover|p2a: Pecharunt\n|-heal|p2a: Pecharunt|100/100\n|\n|upkeep\n|turn|5\n|\n|t:|1788293149\n|move|p1a: Pecharunt|Parting Shot|p2a: Pecharunt\n|-unboost|p2a: Pecharunt|atk|1\n|-unboost|p2a: Pecharunt|spa|1\n|\n|t:|1788293152\n|switch|p1a: Tornadus|Tornadus-Therian, M|89/100 tox|[from] Parting Shot\n|move|p2a: Pecharunt|Parting Shot|p1a: Tornadus\n|-unboost|p1a: Tornadus|atk|1\n|-unboost|p1a: Tornadus|spa|1\n|\n|t:|1788293157\n|switch|p2a: Tinkaton|Tinkaton, F, shiny|100/100|[from] Parting Shot\n|-item|p2a: Tinkaton|Air Balloon\n|\n|-damage|p1a: Tornadus|83/100 tox|[from] psn\n|upkeep\n|turn|6\n|\n|t:|1788293163\n|move|p1a: Tornadus|Heat Wave|p2a: Tinkaton\n|-supereffective|p2a: Tinkaton\n|-damage|p2a: Tinkaton|66/100\n|-status|p2a: Tinkaton|brn\n|-enditem|p2a: Tinkaton|Air Balloon\n|move|p2a: Tinkaton|Stealth Rock|p1a: Tornadus\n|-sidestart|p1: loveroxebec|move: Stealth Rock\n|\n|-damage|p1a: Tornadus|71/100 tox|[from] psn\n|-damage|p2a: Tinkaton|60/100 brn|[from] brn\n|upkeep\n|turn|7\n|\n|t:|1788293172\n|move|p1a: Tornadus|U-turn|p2a: Tinkaton\n|-resisted|p2a: Tinkaton\n|-damage|p2a: Tinkaton|56/100 brn\n|-enditem|p1a: Tornadus|Assault Vest|[silent]|[from] ability: Pickpocket|[of] p1a: Tornadus\n|-item|p2a: Tinkaton|Assault Vest|[from] ability: Pickpocket|[of] p1a: Tornadus\n|\n|t:|1788293177\n|switch|p1a: Les Chicots|Great Tusk|100/100|[from] U-turn\n|move|p2a: Tinkaton|Gigaton Hammer|p1a: Les Chicots\n|-damage|p1a: Les Chicots|79/100\n|\n|-damage|p2a: Tinkaton|50/100 brn|[from] brn\n|upkeep\n|turn|8\n|\n|t:|1788293184\n|switch|p2a: Pecharunt|Pecharunt|100/100\n|move|p1a: Les Chicots|Rapid Spin|p2a: Pecharunt\n|-immune|p2a: Pecharunt\n|\n|upkeep\n|turn|9\n|\n|t:|1788293193\n|switch|p2a: Hydreigon|Hydreigon, M|100/100\n|-terastallize|p1a: Les Chicots|Steel\n|move|p1a: Les Chicots|Headlong Rush|p2a: Hydreigon\n|-immune|p2a: Hydreigon|[from] ability: Levitate\n|\n|upkeep\n|turn|10\n|-message|loveroxebec forfeited.\n|\n|win|Shartlyfe19\n|raw|loveroxebec's rating: 1425 &rarr; <strong>1406</strong><br />(-19 for losing)\n|raw|Shartlyfe19's rating: 1438 &rarr; <strong>1457</strong><br />(+19 for winning)\n|l|\u2606loveroxebec\n|player|p1|\n|l|\u2606Shartlyfe19\n|player|p2|\n", "uploadtime": 1788293483, "views": "4", "formatid": "gen9ou", "rating": 1406, "private": 0, "password": null}