{"id": "gen9ou-2673954116", "format": "[Gen 9] OU", "players": ["ohiea", "jackyhe"], "log": "|j|\u2606ohiea\n|j|\u2606jackyhe\n|t:|1788281308\n|gametype|singles\n|player|p1|ohiea|ingo|1379\n|player|p2|jackyhe|101|1454\n|gen|9\n|tier|[Gen 9] OU\n|rated|\n|rule|HP Percentage Mod: HP is shown in percentages\n|rule|Endless Battle Clause: Forcing endless battles is banned\n|rule|Species Clause: Limit one of each Pok\u00e9mon\n|rule|OHKO Clause: OHKO moves are banned\n|rule|Evasion Items Clause: Evasion items are banned\n|rule|Evasion Moves Clause: Evasion moves are banned\n|rule|Evasion Abilities Clause: Evasion abilities are banned\n|rule|Sleep Moves Clause: Sleep-inducing moves are banned\n|clearpoke\n|poke|p1|Skarmory, F|\n|poke|p1|Zamazenta-*|\n|poke|p1|Kyurem|\n|poke|p1|Iron Valiant|\n|poke|p1|Pecharunt|\n|poke|p1|Kingambit, M|\n|poke|p2|Hoopa|\n|poke|p2|Cinderace, F|\n|poke|p2|Mandibuzz, F|\n|poke|p2|Kyurem|\n|poke|p2|Ting-Lu|\n|poke|p2|Manaphy|\n|teampreview\n|c|\u2606jackyhe|hf\n|inactive|Battle timer is ON: inactive players will automatically lose when time's up. (requested by jackyhe)\n|\n|t:|1788281328\n|teamsize|p1|6\n|teamsize|p2|6\n|start\n|switch|p1a: Alberto|Pecharunt|100/100\n|switch|p2a: Ting-Lucifer|Ting-Lu|100/100\n|-item|p1a: Alberto|Air Balloon\n|-ability|p2a: Ting-Lucifer|Vessel of Ruin\n|turn|1\n|\n|t:|1788281342\n|move|p1a: Alberto|Parting Shot|p2a: Ting-Lucifer\n|-unboost|p2a: Ting-Lucifer|atk|1\n|-unboost|p2a: Ting-Lucifer|spa|1\n|\n|t:|1788281351\n|switch|p1a: Kyurem|Kyurem, shiny|100/100|[from] Parting Shot\n|-ability|p1a: Kyurem|Pressure\n|move|p2a: Ting-Lucifer|Stealth Rock|p1a: Kyurem\n|-sidestart|p1: ohiea|move: Stealth Rock\n|\n|upkeep\n|turn|2\n|\n|t:|1788281358\n|move|p1a: Kyurem|Dragon Dance|p1a: Kyurem\n|-boost|p1a: Kyurem|atk|1\n|-boost|p1a: Kyurem|spe|1\n|move|p2a: Ting-Lucifer|Stone Edge|p1a: Kyurem|[miss]\n|-miss|p2a: Ting-Lucifer|p1a: Kyurem\n|\n|upkeep\n|turn|3\n|\n|t:|1788281372\n|switch|p2a: Manaphy|Manaphy|100/100\n|move|p1a: Kyurem|Dragon Dance|p1a: Kyurem\n|-boost|p1a: Kyurem|atk|1\n|-boost|p1a: Kyurem|spe|1\n|\n|upkeep\n|turn|4\n|\n|t:|1788281386\n|move|p1a: Kyurem|Dragon Dance|p1a: Kyurem\n|-boost|p1a: Kyurem|atk|1\n|-boost|p1a: Kyurem|spe|1\n|move|p2a: Manaphy|Scald|p1a: Kyurem\n|-resisted|p1a: Kyurem\n|-damage|p1a: Kyurem|87/100\n|\n|upkeep\n|turn|5\n|\n|t:|1788281402\n|switch|p2a: Ting-Lucifer|Ting-Lu|100/100\n|-ability|p2a: Ting-Lucifer|Vessel of Ruin\n|-terastallize|p1a: Kyurem|Ice\n|move|p1a: Kyurem|Freeze-Dry|p2a: Ting-Lucifer\n|-supereffective|p2a: Ting-Lucifer\n|-damage|p2a: Ting-Lucifer|50/100\n|-status|p2a: Ting-Lucifer|frz\n|-enditem|p2a: Ting-Lucifer|Weakness Policy\n|-boost|p2a: Ting-Lucifer|atk|2|[from] item: Weakness Policy\n|-boost|p2a: Ting-Lucifer|spa|2|[from] item: Weakness Policy\n|\n|upkeep\n|turn|6\n|\n|t:|1788281416\n|-terastallize|p2a: Ting-Lucifer|Steel\n|move|p1a: Kyurem|Icicle Spear|p2a: Ting-Lucifer\n|-resisted|p2a: Ting-Lucifer\n|-damage|p2a: Ting-Lucifer|37/100 frz\n|-resisted|p2a: Ting-Lucifer\n|-damage|p2a: Ting-Lucifer|24/100 frz\n|-resisted|p2a: Ting-Lucifer\n|-crit|p2a: Ting-Lucifer\n|-damage|p2a: Ting-Lucifer|6/100 frz\n|-resisted|p2a: Ting-Lucifer\n|-damage|p2a: Ting-Lucifer|0 fnt\n|faint|p2a: Ting-Lucifer\n|-hitcount|p2: Ting-Lucifer|4\n|\n|upkeep\n|\n|t:|1788281421\n|switch|p2a: Cinderace|Cinderace, F|100/100\n|turn|7\n|\n|t:|1788281438\n|switch|p2a: Kyurem|Kyurem|100/100\n|-ability|p2a: Kyurem|Pressure\n|move|p1a: Kyurem|Icicle Spear|p2a: Kyurem\n|-crit|p2a: Kyurem\n|-damage|p2a: Kyurem|40/100\n|-damage|p2a: Kyurem|0 fnt\n|faint|p2a: Kyurem\n|-hitcount|p2: Kyurem|2\n|\n|upkeep\n|\n|t:|1788281444\n|switch|p2a: Manaphy|Manaphy|100/100\n|turn|8\n|\n|t:|1788281450\n|move|p1a: Kyurem|Freeze-Dry|p2a: Manaphy\n|-supereffective|p2a: Manaphy\n|-damage|p2a: Manaphy|21/100\n|move|p2a: Manaphy|Scald|p1a: Kyurem\n|-damage|p1a: Kyurem|62/100\n|\n|-heal|p2a: Manaphy|27/100|[from] item: Leftovers\n|upkeep\n|turn|9\n|\n|t:|1788281457\n|move|p1a: Kyurem|Freeze-Dry|p2a: Manaphy\n|-supereffective|p2a: Manaphy\n|-damage|p2a: Manaphy|0 fnt\n|faint|p2a: Manaphy\n|\n|upkeep\n|\n|t:|1788281461\n|switch|p2a: Cinderace|Cinderace, F|100/100\n|turn|10\n|\n|t:|1788281467\n|switch|p2a: Hoopa|Hoopa|100/100\n|move|p1a: Kyurem|Icicle Spear|p2a: Hoopa\n|-damage|p2a: Hoopa|31/100\n|-damage|p2a: Hoopa|0 fnt\n|faint|p2a: Hoopa\n|-hitcount|p2: Hoopa|2\n|\n|upkeep\n|\n|t:|1788281472\n|switch|p2a: Cinderace|Cinderace, F|100/100\n|turn|11\n|\n|t:|1788281477\n|move|p1a: Kyurem|Icicle Spear|p2a: Cinderace\n|-resisted|p2a: Cinderace\n|-damage|p2a: Cinderace|71/100\n|-resisted|p2a: Cinderace\n|-damage|p2a: Cinderace|41/100\n|-resisted|p2a: Cinderace\n|-damage|p2a: Cinderace|9/100\n|-resisted|p2a: Cinderace\n|-damage|p2a: Cinderace|0 fnt\n|faint|p2a: Cinderace\n|-hitcount|p2: Cinderace|4\n|\n|upkeep\n|\n|t:|1788281477\n|switch|p2a: Mandibuzz|Mandibuzz, F, shiny|100/100\n|turn|12\n|\n|t:|1788281487\n|move|p1a: Kyurem|Icicle Spear|p2a: Mandibuzz\n|-supereffective|p2a: Mandibuzz\n|-damage|p2a: Mandibuzz|56/100\n|-supereffective|p2a: Mandibuzz\n|-damage|p2a: Mandibuzz|13/100\n|-supereffective|p2a: Mandibuzz\n|-damage|p2a: Mandibuzz|0 fnt\n|faint|p2a: Mandibuzz\n|-hitcount|p2: Mandibuzz|3\n|\n|win|ohiea\n|raw|ohiea's rating: 1379 &rarr; <strong>1404</strong><br />(+25 for winning)\n|raw|jackyhe's rating: 1474 &rarr; <strong>1449</strong><br />(-25 for losing)\n|c|\u2606jackyhe|gg\n|c|\u2606ohiea|gg\n|l|\u2606ohiea\n|player|p1|\n|l|\u2606jackyhe\n|player|p2|\n", "uploadtime": 1788281804, "views": "0", "formatid": "gen9ou", "rating": 1404, "private": 0, "password": null}