{"id": "gen9ou-2673907928", "format": "[Gen 9] OU", "players": ["senpako", "miscellandorus-t"], "log": "|j|\u2606senpako\n|j|\u2606miscellandorus-t\n|t:|1788275762\n|gametype|singles\n|player|p1|senpako|koga|1432\n|player|p2|miscellandorus-t|266|1404\n|gen|9\n|tier|[Gen 9] OU\n|rated|\n|rule|HP Percentage Mod: HP is shown in percentages\n|rule|Endless Battle Clause: Forcing endless battles is banned\n|rule|Species Clause: Limit one of each Pok\u00e9mon\n|rule|OHKO Clause: OHKO moves are banned\n|rule|Evasion Items Clause: Evasion items are banned\n|rule|Evasion Moves Clause: Evasion moves are banned\n|rule|Evasion Abilities Clause: Evasion abilities are banned\n|rule|Sleep Moves Clause: Sleep-inducing moves are banned\n|clearpoke\n|poke|p1|Cyclizar, F|\n|poke|p1|Moltres-Galar|\n|poke|p1|Iron Valiant|\n|poke|p1|Ceruledge, F|\n|poke|p1|Dragonite, M|\n|poke|p1|Araquanid, M|\n|poke|p2|Maushold-Four|\n|poke|p2|Muk-Alola, M|\n|poke|p2|Weezing-Galar, M|\n|poke|p2|Walking Wake|\n|poke|p2|Dragonite, F|\n|poke|p2|Great Tusk|\n|teampreview\n|inactive|Battle timer is ON: inactive players will automatically lose when time's up. (requested by senpako)\n|\n|t:|1788275771\n|teamsize|p1|6\n|teamsize|p2|6\n|start\n|switch|p1a: Ceruledge|Ceruledge, F, shiny|100/100\n|switch|p2a: Muk|Muk-Alola, M|100/100\n|turn|1\n|\n|t:|1788275779\n|move|p1a: Ceruledge|Bitter Blade|p2a: Muk\n|-damage|p2a: Muk|51/100\n|move|p2a: Muk|Knock Off|p1a: Ceruledge\n|-supereffective|p1a: Ceruledge\n|-damage|p1a: Ceruledge|4/100\n|-ability|p1a: Ceruledge|Weak Armor|boost\n|-unboost|p1a: Ceruledge|def|1\n|-boost|p1a: Ceruledge|spe|2\n|-enditem|p1a: Ceruledge|Focus Sash|[from] move: Knock Off|[of] p2a: Muk\n|\n|-heal|p2a: Muk|57/100|[from] item: Black Sludge\n|upkeep\n|turn|2\n|\n|t:|1788275790\n|switch|p1a: Araquanid|Araquanid, M|100/100\n|move|p2a: Muk|Knock Off|p1a: Araquanid\n|-damage|p1a: Araquanid|64/100\n|-enditem|p1a: Araquanid|Custap Berry|[from] move: Knock Off|[of] p2a: Muk\n|\n|-heal|p2a: Muk|63/100|[from] item: Black Sludge\n|upkeep\n|turn|3\n|\n|t:|1788275800\n|move|p2a: Muk|Poison Jab|p1a: Araquanid\n|-damage|p1a: Araquanid|35/100\n|-status|p1a: Araquanid|psn|[from] ability: Poison Touch|[of] p2a: Muk\n|move|p1a: Araquanid|Surf|p2a: Muk\n|-damage|p2a: Muk|31/100\n|\n|-heal|p2a: Muk|37/100|[from] item: Black Sludge\n|-damage|p1a: Araquanid|23/100 psn|[from] psn\n|upkeep\n|turn|4\n|\n|t:|1788275808\n|move|p2a: Muk|Protect|p2a: Muk\n|-singleturn|p2a: Muk|Protect\n|move|p1a: Araquanid|Bug Buzz|p2a: Muk\n|-activate|p2a: Muk|move: Protect\n|\n|-heal|p2a: Muk|43/100|[from] item: Black Sludge\n|-damage|p1a: Araquanid|11/100 psn|[from] psn\n|upkeep\n|turn|5\n|\n|t:|1788275818\n|switch|p2a: Walking Wake|Walking Wake|100/100\n|move|p1a: Araquanid|Sticky Web|p2a: Walking Wake\n|-sidestart|p2: miscellandorus-t|move: Sticky Web\n|\n|-damage|p1a: Araquanid|0 fnt|[from] psn\n|faint|p1a: Araquanid\n|upkeep\n|\n|t:|1788275825\n|switch|p1a: Cyclizar|Cyclizar, F|100/100\n|turn|6\n|\n|t:|1788275835\n|move|p2a: Walking Wake|Draco Meteor|p1a: Cyclizar\n|-supereffective|p1a: Cyclizar\n|-enditem|p1a: Cyclizar|Focus Sash\n|-damage|p1a: Cyclizar|1/100\n|-unboost|p2a: Walking Wake|spa|2\n|move|p1a: Cyclizar|Endeavor|p2a: Walking Wake\n|-damage|p2a: Walking Wake|1/100\n|\n|upkeep\n|turn|7\n|\n|t:|1788275845\n|-end|p2a: Walking Wake|Protosynthesis|[silent]\n|switch|p2a: Muk|Muk-Alola, M|43/100\n|-activate|p2a: Muk|move: Sticky Web\n|-unboost|p2a: Muk|spe|1\n|move|p1a: Cyclizar|Quick Attack|p2a: Muk\n|-damage|p2a: Muk|25/100\n|\n|-heal|p2a: Muk|31/100|[from] item: Black Sludge\n|upkeep\n|turn|8\n|\n|t:|1788275850\n|move|p2a: Muk|Protect|p2a: Muk\n|-singleturn|p2a: Muk|Protect\n|move|p1a: Cyclizar|Dragon Claw|p2a: Muk\n|-activate|p2a: Muk|move: Protect\n|\n|-heal|p2a: Muk|37/100|[from] item: Black Sludge\n|upkeep\n|turn|9\n|\n|t:|1788275855\n|switch|p2a: Great Tusk|Great Tusk|100/100\n|-activate|p2a: Great Tusk|move: Sticky Web\n|-unboost|p2a: Great Tusk|spe|1\n|move|p1a: Cyclizar|Dragon Claw|p2a: Great Tusk\n|-damage|p2a: Great Tusk|82/100\n|-damage|p1a: Cyclizar|0 fnt|[from] item: Rocky Helmet|[of] p2a: Great Tusk\n|faint|p1a: Cyclizar\n|\n|upkeep\n|\n|t:|1788275862\n|switch|p1a: Ceruledge|Ceruledge, F, shiny|4/100\n|turn|10\n|\n|t:|1788275873\n|move|p1a: Ceruledge|Bitter Blade|p2a: Great Tusk\n|-damage|p2a: Great Tusk|56/100\n|-heal|p1a: Ceruledge|23/100|[from] drain|[of] p2a: Great Tusk\n|-damage|p1a: Ceruledge|7/100|[from] item: Rocky Helmet|[of] p2a: Great Tusk\n|move|p2a: Great Tusk|Earthquake|p1a: Ceruledge\n|-supereffective|p1a: Ceruledge\n|-damage|p1a: Ceruledge|0 fnt\n|faint|p1a: Ceruledge\n|\n|upkeep\n|\n|t:|1788275900\n|switch|p1a: Moltres|Moltres-Galar, shiny|100/100\n|turn|11\n|\n|t:|1788275918\n|move|p1a: Moltres|Agility|p1a: Moltres\n|-boost|p1a: Moltres|spe|2\n|move|p2a: Great Tusk|Rapid Spin|p1a: Moltres\n|-damage|p1a: Moltres|83/100\n|-boost|p2a: Great Tusk|spe|1\n|-sideend|p2: miscellandorus-t|Sticky Web|[from] move: Rapid Spin|[of] p2a: Great Tusk\n|\n|upkeep\n|turn|12\n|\n|t:|1788275924\n|move|p1a: Moltres|Nasty Plot|p1a: Moltres\n|-boost|p1a: Moltres|spa|2\n|move|p2a: Great Tusk|Ice Spinner|p1a: Moltres\n|-supereffective|p1a: Moltres\n|-damage|p1a: Moltres|30/100\n|-ability|p1a: Moltres|Berserk|boost\n|-boost|p1a: Moltres|spa|1\n|-enditem|p1a: Moltres|Sitrus Berry|[eat]\n|-heal|p1a: Moltres|55/100|[from] item: Sitrus Berry\n|\n|upkeep\n|turn|13\n|\n|t:|1788275926\n|move|p1a: Moltres|Air Slash|p2a: Great Tusk\n|-supereffective|p2a: Great Tusk\n|-damage|p2a: Great Tusk|0 fnt\n|faint|p2a: Great Tusk\n|-end|p2a: Great Tusk|Protosynthesis|[silent]\n|\n|upkeep\n|\n|t:|1788275931\n|switch|p2a: Dragonite|Dragonite, F|100/100\n|turn|14\n|\n|t:|1788275934\n|-terastallize|p2a: Dragonite|Normal\n|move|p2a: Dragonite|Extreme Speed|p1a: Moltres\n|-damage|p1a: Moltres|0 fnt\n|faint|p1a: Moltres\n|\n|upkeep\n|\n|t:|1788275937\n|switch|p1a: Iron Valiant|Iron Valiant, shiny|100/100\n|-enditem|p1a: Iron Valiant|Booster Energy\n|-activate|p1a: Iron Valiant|ability: Quark Drive|[fromitem]\n|-start|p1a: Iron Valiant|quarkdrivespe\n|turn|15\n|\n|t:|1788275946\n|move|p2a: Dragonite|Extreme Speed|p1a: Iron Valiant\n|-damage|p1a: Iron Valiant|16/100\n|move|p1a: Iron Valiant|Aura Sphere|p2a: Dragonite\n|-supereffective|p2a: Dragonite\n|-damage|p2a: Dragonite|58/100\n|\n|upkeep\n|turn|16\n|\n|t:|1788275958\n|move|p2a: Dragonite|Extreme Speed|p1a: Iron Valiant\n|-damage|p1a: Iron Valiant|0 fnt\n|faint|p1a: Iron Valiant\n|-end|p1a: Iron Valiant|Quark Drive|[silent]\n|\n|upkeep\n|\n|t:|1788275959\n|switch|p1a: Dragonite|Dragonite, M|100/100\n|turn|17\n|\n|t:|1788275982\n|-terastallize|p1a: Dragonite|Normal\n|move|p1a: Dragonite|Extreme Speed|p2a: Dragonite\n|-damage|p2a: Dragonite|5/100\n|move|p2a: Dragonite|Extreme Speed|p1a: Dragonite\n|-crit|p1a: Dragonite\n|-damage|p1a: Dragonite|46/100\n|\n|upkeep\n|turn|18\n|\n|t:|1788276003\n|move|p1a: Dragonite|Extreme Speed|p2a: Dragonite\n|-damage|p2a: Dragonite|0 fnt\n|faint|p2a: Dragonite\n|\n|upkeep\n|\n|t:|1788276010\n|switch|p2a: Weezing|Weezing-Galar, M|100/100\n|turn|19\n|\n|t:|1788276015\n|move|p1a: Dragonite|Dragon Dance|p1a: Dragonite\n|-boost|p1a: Dragonite|atk|1\n|-boost|p1a: Dragonite|spe|1\n|move|p2a: Weezing|Sludge Bomb|p1a: Dragonite\n|-damage|p1a: Dragonite|0 fnt\n|faint|p1a: Dragonite\n|\n|win|miscellandorus-t\n|raw|senpako's rating: 1432 &rarr; <strong>1410</strong><br />(-22 for losing)\n|raw|miscellandorus-t's rating: 1404 &rarr; <strong>1426</strong><br />(+22 for winning)\n|l|\u2606senpako\n|player|p1|\n|l|\u2606miscellandorus-t\n|player|p2|\n", "uploadtime": 1788276233, "views": "5", "formatid": "gen9ou", "rating": 1410, "private": 0, "password": null}