{"id": "gen9ou-2673898524", "format": "[Gen 9] OU", "players": ["heirloom tomato", "P3zzz"], "log": "|j|\u2606heirloom tomato\n|j|\u2606P3zzz\n|t:|1788274604\n|gametype|singles\n|player|p1|heirloom tomato|gentleman-gen4|1470\n|player|p2|P3zzz|heroine2-conquest|1466\n|gen|9\n|tier|[Gen 9] OU\n|rated|\n|rule|HP Percentage Mod: HP is shown in percentages\n|rule|Endless Battle Clause: Forcing endless battles is banned\n|rule|Species Clause: Limit one of each Pok\u00e9mon\n|rule|OHKO Clause: OHKO moves are banned\n|rule|Evasion Items Clause: Evasion items are banned\n|rule|Evasion Moves Clause: Evasion moves are banned\n|rule|Evasion Abilities Clause: Evasion abilities are banned\n|rule|Sleep Moves Clause: Sleep-inducing moves are banned\n|clearpoke\n|poke|p1|Pelipper, F|\n|poke|p1|Ogerpon-Wellspring, F|\n|poke|p1|Crawdaunt, M|\n|poke|p1|Zapdos|\n|poke|p1|Basculegion-F, F|\n|poke|p1|Scizor, M|\n|poke|p2|Gliscor, M|\n|poke|p2|Garganacl, M|\n|poke|p2|Gholdengo|\n|poke|p2|Weezing-Galar, M|\n|poke|p2|Zamazenta-*|\n|poke|p2|Darkrai|\n|teampreview\n|\n|t:|1788274633\n|teamsize|p1|6\n|teamsize|p2|6\n|start\n|switch|p1a: Pelipper|Pelipper, F|100/100\n|switch|p2a: Darkrai|Darkrai, shiny|100/100\n|-weather|RainDance|[from] ability: Drizzle|[of] p1a: Pelipper\n|turn|1\n|\n|t:|1788274638\n|switch|p1a: Scizor|Scizor, M|100/100\n|move|p2a: Darkrai|Knock Off|p1a: Scizor\n|-damage|p1a: Scizor|59/100\n|-enditem|p1a: Scizor|Heavy-Duty Boots|[from] move: Knock Off|[of] p2a: Darkrai\n|\n|-weather|RainDance|[upkeep]\n|upkeep\n|turn|2\n|\n|t:|1788274654\n|move|p2a: Darkrai|Dark Pulse|p1a: Scizor\n|-damage|p1a: Scizor|18/100\n|move|p1a: Scizor|U-turn|p2a: Darkrai\n|-supereffective|p2a: Darkrai\n|-damage|p2a: Darkrai|24/100\n|\n|t:|1788274660\n|switch|p1a: Basculegion|Basculegion-F, F|100/100|[from] U-turn\n|\n|-weather|RainDance|[upkeep]\n|upkeep\n|turn|3\n|\n|t:|1788274668\n|-terastallize|p2a: Darkrai|Dark\n|move|p2a: Darkrai|Sucker Punch|p1a: Basculegion\n|-supereffective|p1a: Basculegion\n|-damage|p1a: Basculegion|0 fnt\n|faint|p1a: Basculegion\n|\n|-weather|RainDance|[upkeep]\n|upkeep\n|\n|t:|1788274680\n|switch|p1a: Crawdaunt|Crawdaunt, M|100/100\n|turn|4\n|\n|t:|1788274688\n|switch|p2a: Zamazenta|Zamazenta, shiny|100/100\n|-ability|p2a: Zamazenta|Dauntless Shield|boost\n|-boost|p2a: Zamazenta|def|1\n|move|p1a: Crawdaunt|Aqua Jet|p2a: Zamazenta\n|-damage|p2a: Zamazenta|78/100\n|\n|-weather|RainDance|[upkeep]\n|-heal|p2a: Zamazenta|84/100|[from] item: Leftovers\n|upkeep\n|turn|5\n|\n|t:|1788274696\n|switch|p1a: Zapdos|Zapdos|100/100\n|move|p2a: Zamazenta|Body Press|p1a: Zapdos\n|-resisted|p1a: Zapdos\n|-damage|p1a: Zapdos|73/100\n|\n|-weather|RainDance|[upkeep]\n|-heal|p2a: Zamazenta|90/100|[from] item: Leftovers\n|upkeep\n|turn|6\n|\n|t:|1788274705\n|switch|p2a: Gholdengo|Gholdengo, shiny|100/100\n|move|p1a: Zapdos|Weather Ball|p2a: Gholdengo\n|-damage|p2a: Gholdengo|54/100\n|\n|-weather|RainDance|[upkeep]\n|upkeep\n|turn|7\n|\n|t:|1788274711\n|move|p1a: Zapdos|Thunder|p2a: Gholdengo\n|-damage|p2a: Gholdengo|0 fnt\n|faint|p2a: Gholdengo\n|\n|-weather|RainDance|[upkeep]\n|upkeep\n|\n|t:|1788274715\n|switch|p2a: Darkrai|Darkrai, shiny, tera:Dark|24/100\n|turn|8\n|\n|t:|1788274720\n|move|p2a: Darkrai|Dark Pulse|p1a: Zapdos\n|-damage|p1a: Zapdos|0 fnt\n|faint|p1a: Zapdos\n|\n|-weather|none\n|upkeep\n|\n|t:|1788274723\n|switch|p1a: Pelipper|Pelipper, F|100/100\n|-weather|RainDance|[from] ability: Drizzle|[of] p1a: Pelipper\n|turn|9\n|\n|t:|1788274726\n|switch|p1a: Scizor|Scizor, M|18/100\n|move|p2a: Darkrai|Dark Pulse|p1a: Scizor\n|-damage|p1a: Scizor|0 fnt\n|faint|p1a: Scizor\n|\n|-weather|RainDance|[upkeep]\n|upkeep\n|\n|t:|1788274728\n|switch|p1a: Crawdaunt|Crawdaunt, M|100/100\n|turn|10\n|\n|t:|1788274734\n|switch|p2a: Weezing|Weezing-Galar, M, shiny|100/100\n|-ability|p2a: Weezing|Neutralizing Gas\n|move|p1a: Crawdaunt|Liquidation|p2a: Weezing\n|-damage|p2a: Weezing|49/100\n|\n|-weather|RainDance|[upkeep]\n|upkeep\n|turn|11\n|\n|t:|1788274737\n|move|p1a: Crawdaunt|Liquidation|p2a: Weezing\n|-damage|p2a: Weezing|0 fnt\n|faint|p2a: Weezing\n|-end|p2a: Weezing|ability: Neutralizing Gas\n|\n|-weather|RainDance|[upkeep]\n|upkeep\n|\n|t:|1788274741\n|switch|p2a: Zamazenta|Zamazenta, shiny|90/100\n|turn|12\n|\n|t:|1788274750\n|move|p2a: Zamazenta|Body Press|p1a: Crawdaunt\n|-supereffective|p1a: Crawdaunt\n|-damage|p1a: Crawdaunt|17/100\n|move|p1a: Crawdaunt|Liquidation|p2a: Zamazenta\n|-damage|p2a: Zamazenta|17/100\n|-unboost|p2a: Zamazenta|def|1\n|\n|-weather|RainDance|[upkeep]\n|-heal|p2a: Zamazenta|23/100|[from] item: Leftovers\n|upkeep\n|turn|13\n|\n|t:|1788274757\n|move|p1a: Crawdaunt|Aqua Jet|p2a: Zamazenta\n|-damage|p2a: Zamazenta|0 fnt\n|faint|p2a: Zamazenta\n|\n|-weather|RainDance|[upkeep]\n|upkeep\n|\n|t:|1788274762\n|switch|p2a: Darkrai|Darkrai, shiny, tera:Dark|24/100\n|turn|14\n|\n|t:|1788274766\n|move|p2a: Darkrai|Sucker Punch||[still]\n|-fail|p2a: Darkrai\n|move|p1a: Crawdaunt|Swords Dance|p1a: Crawdaunt\n|-boost|p1a: Crawdaunt|atk|2\n|\n|-weather|RainDance|[upkeep]\n|upkeep\n|turn|15\n|\n|t:|1788274771\n|move|p2a: Darkrai|Sucker Punch|p1a: Crawdaunt\n|-resisted|p1a: Crawdaunt\n|-damage|p1a: Crawdaunt|0 fnt\n|faint|p1a: Crawdaunt\n|\n|-weather|RainDance|[upkeep]\n|upkeep\n|\n|t:|1788274778\n|switch|p1a: Ogerpon|Ogerpon-Wellspring, F|100/100\n|turn|16\n|\n|t:|1788274787\n|move|p2a: Darkrai|Dark Pulse|p1a: Ogerpon\n|-damage|p1a: Ogerpon|21/100\n|move|p1a: Ogerpon|Trailblaze|p2a: Darkrai\n|-damage|p2a: Darkrai|0 fnt\n|-boost|p1a: Ogerpon|spe|1\n|faint|p2a: Darkrai\n|\n|-weather|none\n|upkeep\n|\n|t:|1788274801\n|switch|p2a: Gliscor|Gliscor, M, shiny|100/100\n|turn|17\n|\n|t:|1788274809\n|switch|p1a: Pelipper|Pelipper, F|100/100\n|-weather|RainDance|[from] ability: Drizzle|[of] p1a: Pelipper\n|move|p2a: Gliscor|Earthquake|p1a: Pelipper\n|-immune|p1a: Pelipper\n|\n|-weather|RainDance|[upkeep]\n|-status|p2a: Gliscor|tox|[from] item: Toxic Orb\n|upkeep\n|turn|18\n|\n|t:|1788274813\n|move|p2a: Gliscor|Spikes|p1a: Pelipper\n|-sidestart|p1: heirloom tomato|Spikes\n|move|p1a: Pelipper|Knock Off|p2a: Gliscor\n|-damage|p2a: Gliscor|91/100 tox\n|-enditem|p2a: Gliscor|Toxic Orb|[from] move: Knock Off|[of] p1a: Pelipper\n|\n|-weather|RainDance|[upkeep]\n|-heal|p2a: Gliscor|100/100 tox|[from] ability: Poison Heal\n|upkeep\n|turn|19\n|\n|t:|1788274821\n|move|p2a: Gliscor|Toxic|p1a: Pelipper\n|-status|p1a: Pelipper|tox\n|move|p1a: Pelipper|U-turn|p2a: Gliscor\n|-resisted|p2a: Gliscor\n|-damage|p2a: Gliscor|97/100 tox\n|\n|t:|1788274823\n|switch|p1a: Ogerpon|Ogerpon-Wellspring, F|21/100|[from] U-turn\n|-damage|p1a: Ogerpon|8/100|[from] Spikes\n|\n|-weather|RainDance|[upkeep]\n|-heal|p2a: Gliscor|100/100 tox|[from] ability: Poison Heal\n|upkeep\n|turn|20\n|\n|t:|1788274829\n|-terastallize|p1a: Ogerpon|Water\n|detailschange|p1a: Ogerpon|Ogerpon-Wellspring-Tera, F, tera:Water\n|-ability|p1a: Ogerpon|Embody Aspect (Wellspring)|boost\n|-boost|p1a: Ogerpon|spd|1\n|move|p1a: Ogerpon|Ivy Cudgel|p2a: Gliscor|[anim] Ivy Cudgel Water\n|-supereffective|p2a: Gliscor\n|-damage|p2a: Gliscor|0 fnt\n|faint|p2a: Gliscor\n|\n|-weather|RainDance|[upkeep]\n|upkeep\n|\n|t:|1788274834\n|switch|p2a: Garganacl|Garganacl, M, shiny|100/100\n|turn|21\n|\n|t:|1788274836\n|move|p1a: Ogerpon|Ivy Cudgel|p2a: Garganacl|[anim] Ivy Cudgel Water\n|-supereffective|p2a: Garganacl\n|-crit|p2a: Garganacl\n|-damage|p2a: Garganacl|0 fnt\n|faint|p2a: Garganacl\n|\n|win|heirloom tomato\n|raw|heirloom tomato's rating: 1470 &rarr; <strong>1490</strong><br />(+20 for winning)\n|raw|P3zzz's rating: 1466 &rarr; <strong>1446</strong><br />(-20 for losing)\n|l|\u2606P3zzz\n|player|p2|\n|l|\u2606heirloom tomato\n|player|p1|\n", "uploadtime": 1788275011, "views": "2", "formatid": "gen9ou", "rating": 1446, "private": 0, "password": null}