{"id": "gen9ou-2673904376", "format": "[Gen 9] OU", "players": ["fulkttd", "miscellandorus-t"], "log": "|j|\u2606fulkttd\n|j|\u2606miscellandorus-t\n|t:|1788275322\n|gametype|singles\n|player|p1|fulkttd|morty|1434\n|player|p2|miscellandorus-t|266|1381\n|gen|9\n|tier|[Gen 9] OU\n|rated|\n|rule|HP Percentage Mod: HP is shown in percentages\n|rule|Endless Battle Clause: Forcing endless battles is banned\n|rule|Species Clause: Limit one of each Pok\u00e9mon\n|rule|OHKO Clause: OHKO moves are banned\n|rule|Evasion Items Clause: Evasion items are banned\n|rule|Evasion Moves Clause: Evasion moves are banned\n|rule|Evasion Abilities Clause: Evasion abilities are banned\n|rule|Sleep Moves Clause: Sleep-inducing moves are banned\n|clearpoke\n|poke|p1|Raging Bolt|\n|poke|p1|Walking Wake|\n|poke|p1|Hatterene, F|\n|poke|p1|Meowscarada, F|\n|poke|p1|Corviknight, M|\n|poke|p1|Okidogi, M|\n|poke|p2|Maushold-Four|\n|poke|p2|Muk-Alola, F|\n|poke|p2|Weezing-Galar, F|\n|poke|p2|Walking Wake|\n|poke|p2|Dragonite, M|\n|poke|p2|Great Tusk|\n|teampreview\n|inactive|Battle timer is ON: inactive players will automatically lose when time's up. (requested by fulkttd)\n|\n|t:|1788275328\n|teamsize|p1|6\n|teamsize|p2|6\n|start\n|switch|p1a: Meowscarada|Meowscarada, F|100/100\n|switch|p2a: Muk|Muk-Alola, F|100/100\n|turn|1\n|inactive|miscellandorus-t has 120 seconds left.\n|\n|t:|1788275358\n|move|p1a: Meowscarada|U-turn|p2a: Muk\n|-start|p1a: Meowscarada|typechange|Bug|[from] ability: Protean\n|-damage|p2a: Muk|68/100\n|\n|t:|1788275362\n|switch|p1a: Okidogi|Okidogi, M|100/100|[from] U-turn\n|move|p2a: Muk|Poison Jab|p1a: Okidogi\n|-resisted|p1a: Okidogi\n|-damage|p1a: Okidogi|88/100\n|\n|-heal|p1a: Okidogi|94/100|[from] item: Leftovers\n|-heal|p2a: Muk|74/100|[from] item: Black Sludge\n|upkeep\n|turn|2\n|inactive|miscellandorus-t has 120 seconds left.\n|\n|t:|1788275381\n|switch|p2a: Great Tusk|Great Tusk|100/100\n|move|p1a: Okidogi|Knock Off|p2a: Great Tusk\n|-resisted|p2a: Great Tusk\n|-damage|p2a: Great Tusk|92/100\n|-damage|p1a: Okidogi|78/100|[from] item: Rocky Helmet|[of] p2a: Great Tusk\n|-enditem|p2a: Great Tusk|Rocky Helmet|[from] move: Knock Off|[of] p1a: Okidogi\n|\n|-heal|p1a: Okidogi|84/100|[from] item: Leftovers\n|upkeep\n|turn|3\n|\n|t:|1788275389\n|switch|p1a: Hatterene|Hatterene, F|100/100\n|move|p2a: Great Tusk|Earthquake|p1a: Hatterene\n|-crit|p1a: Hatterene\n|-damage|p1a: Hatterene|48/100\n|\n|-heal|p1a: Hatterene|54/100|[from] item: Leftovers\n|upkeep\n|turn|4\n|\n|t:|1788275400\n|-end|p2a: Great Tusk|Protosynthesis|[silent]\n|switch|p2a: Muk|Muk-Alola, F|74/100\n|move|p1a: Hatterene|Psyshock|p2a: Muk\n|-immune|p2a: Muk\n|\n|-heal|p2a: Muk|80/100|[from] item: Black Sludge\n|-heal|p1a: Hatterene|60/100|[from] item: Leftovers\n|upkeep\n|turn|5\n|\n|t:|1788275409\n|switch|p1a: Okidogi|Okidogi, M|84/100\n|move|p2a: Muk|Knock Off|p1a: Okidogi\n|-resisted|p1a: Okidogi\n|-damage|p1a: Okidogi|70/100\n|-enditem|p1a: Okidogi|Leftovers|[from] move: Knock Off|[of] p2a: Muk\n|\n|-heal|p2a: Muk|86/100|[from] item: Black Sludge\n|upkeep\n|turn|6\n|\n|t:|1788275414\n|switch|p2a: Great Tusk|Great Tusk|92/100\n|move|p1a: Okidogi|Bulk Up|p1a: Okidogi\n|-boost|p1a: Okidogi|atk|1\n|-boost|p1a: Okidogi|def|1\n|\n|upkeep\n|turn|7\n|\n|t:|1788275419\n|move|p2a: Great Tusk|Earthquake|p1a: Okidogi\n|-supereffective|p1a: Okidogi\n|-damage|p1a: Okidogi|20/100\n|move|p1a: Okidogi|Drain Punch|p2a: Great Tusk\n|-damage|p2a: Great Tusk|59/100\n|-heal|p1a: Okidogi|39/100|[from] drain|[of] p2a: Great Tusk\n|-status|p2a: Great Tusk|tox|[from] ability: Toxic Chain|[of] p1a: Okidogi\n|\n|-damage|p2a: Great Tusk|53/100 tox|[from] psn\n|upkeep\n|turn|8\n|\n|t:|1788275427\n|switch|p1a: Hatterene|Hatterene, F|60/100\n|move|p2a: Great Tusk|Earthquake|p1a: Hatterene\n|-damage|p1a: Hatterene|28/100\n|\n|-heal|p1a: Hatterene|34/100|[from] item: Leftovers\n|-damage|p2a: Great Tusk|41/100 tox|[from] psn\n|upkeep\n|turn|9\n|\n|t:|1788275441\n|-end|p2a: Great Tusk|Protosynthesis|[silent]\n|switch|p2a: Muk|Muk-Alola, F|86/100\n|move|p1a: Hatterene|Draining Kiss|p2a: Muk\n|-damage|p2a: Muk|72/100\n|-heal|p1a: Hatterene|48/100|[from] drain|[of] p2a: Muk\n|\n|-heal|p2a: Muk|78/100|[from] item: Black Sludge\n|-heal|p1a: Hatterene|53/100|[from] item: Leftovers\n|upkeep\n|turn|10\n|\n|t:|1788275450\n|switch|p2a: Dragonite|Dragonite, M|100/100\n|switch|p1a: Okidogi|Okidogi, M|39/100\n|\n|upkeep\n|turn|11\n|\n|t:|1788275457\n|move|p2a: Dragonite|Earthquake|p1a: Okidogi\n|-supereffective|p1a: Okidogi\n|-damage|p1a: Okidogi|0 fnt\n|faint|p1a: Okidogi\n|\n|upkeep\n|\n|t:|1788275464\n|switch|p1a: Meowscarada|Meowscarada, F|100/100\n|turn|12\n|\n|t:|1788275475\n|switch|p2a: Great Tusk|Great Tusk|41/100 tox\n|move|p1a: Meowscarada|Triple Axel|p2a: Great Tusk\n|-start|p1a: Meowscarada|typechange|Ice|[from] ability: Protean\n|-supereffective|p2a: Great Tusk\n|-damage|p2a: Great Tusk|31/100 tox\n|-supereffective|p2a: Great Tusk\n|-damage|p2a: Great Tusk|14/100 tox\n|-hitcount|p2a: Great Tusk|2\n|\n|-damage|p2a: Great Tusk|8/100 tox|[from] psn\n|upkeep\n|turn|13\n|\n|t:|1788275488\n|move|p1a: Meowscarada|Triple Axel|p2a: Great Tusk\n|-supereffective|p2a: Great Tusk\n|-damage|p2a: Great Tusk|0 fnt\n|faint|p2a: Great Tusk\n|-end|p2a: Great Tusk|Protosynthesis|[silent]\n|-hitcount|p2: Great Tusk|1\n|\n|upkeep\n|\n|t:|1788275498\n|switch|p2a: Walking Wake|Walking Wake|100/100\n|turn|14\n|\n|t:|1788275501\n|switch|p1a: Hatterene|Hatterene, F|53/100\n|move|p2a: Walking Wake|Flamethrower|p1a: Hatterene\n|-damage|p1a: Hatterene|24/100\n|\n|-heal|p1a: Hatterene|30/100|[from] item: Leftovers\n|upkeep\n|turn|15\n|\n|t:|1788275515\n|-end|p2a: Walking Wake|Protosynthesis|[silent]\n|switch|p2a: Muk|Muk-Alola, F|78/100\n|move|p1a: Hatterene|Draining Kiss|p2a: Muk\n|-damage|p2a: Muk|65/100\n|-heal|p1a: Hatterene|42/100|[from] drain|[of] p2a: Muk\n|\n|-heal|p2a: Muk|72/100|[from] item: Black Sludge\n|-heal|p1a: Hatterene|48/100|[from] item: Leftovers\n|upkeep\n|turn|16\n|\n|t:|1788275519\n|move|p2a: Muk|Knock Off|p1a: Hatterene\n|-crit|p1a: Hatterene\n|-damage|p1a: Hatterene|5/100\n|-enditem|p1a: Hatterene|Leftovers|[from] move: Knock Off|[of] p2a: Muk\n|move|p1a: Hatterene|Draining Kiss|p2a: Muk\n|-damage|p2a: Muk|59/100\n|-heal|p1a: Hatterene|17/100|[from] drain|[of] p2a: Muk\n|\n|-heal|p2a: Muk|65/100|[from] item: Black Sludge\n|upkeep\n|turn|17\n|\n|t:|1788275522\n|move|p2a: Muk|Knock Off|p1a: Hatterene\n|-damage|p1a: Hatterene|0 fnt\n|faint|p1a: Hatterene\n|\n|-heal|p2a: Muk|71/100|[from] item: Black Sludge\n|upkeep\n|\n|t:|1788275526\n|switch|p1a: Raging Bolt|Raging Bolt|100/100\n|turn|18\n|\n|t:|1788275529\n|move|p1a: Raging Bolt|Draco Meteor|p2a: Muk\n|-damage|p2a: Muk|28/100\n|-unboost|p1a: Raging Bolt|spa|2\n|-enditem|p1a: Raging Bolt|Eject Pack\n|\n|t:|1788275534\n|-end|p1a: Raging Bolt|Protosynthesis|[silent]\n|switch|p1a: Walking Wake|Walking Wake|100/100\n|move|p2a: Muk|Poison Jab|p1a: Walking Wake\n|-damage|p1a: Walking Wake|67/100\n|-status|p1a: Walking Wake|psn|[from] ability: Poison Touch|[of] p2a: Muk\n|\n|-heal|p2a: Muk|34/100|[from] item: Black Sludge\n|-damage|p1a: Walking Wake|54/100 psn|[from] psn\n|upkeep\n|turn|19\n|\n|t:|1788275538\n|move|p2a: Muk|Protect|p2a: Muk\n|-singleturn|p2a: Muk|Protect\n|move|p1a: Walking Wake|Surf|p2a: Muk\n|-activate|p2a: Muk|move: Protect\n|\n|-heal|p2a: Muk|40/100|[from] item: Black Sludge\n|-damage|p1a: Walking Wake|42/100 psn|[from] psn\n|upkeep\n|turn|20\n|\n|t:|1788275543\n|switch|p2a: Walking Wake|Walking Wake|100/100\n|move|p1a: Walking Wake|Surf|p2a: Walking Wake\n|-resisted|p2a: Walking Wake\n|-damage|p2a: Walking Wake|79/100\n|\n|-damage|p1a: Walking Wake|29/100 psn|[from] psn\n|upkeep\n|turn|21\n|\n|t:|1788275550\n|move|p2a: Walking Wake|Draco Meteor|p1a: Walking Wake\n|-supereffective|p1a: Walking Wake\n|-damage|p1a: Walking Wake|0 fnt\n|-unboost|p2a: Walking Wake|spa|2\n|faint|p1a: Walking Wake\n|-end|p1a: Walking Wake|Protosynthesis|[silent]\n|\n|upkeep\n|\n|t:|1788275552\n|switch|p1a: Raging Bolt|Raging Bolt|100/100\n|turn|22\n|\n|t:|1788275571\n|move|p2a: Walking Wake|Draco Meteor|p1a: Raging Bolt\n|-supereffective|p1a: Raging Bolt\n|-damage|p1a: Raging Bolt|42/100\n|-unboost|p2a: Walking Wake|spa|2\n|move|p1a: Raging Bolt|Thunderbolt|p2a: Walking Wake\n|-damage|p2a: Walking Wake|21/100\n|\n|upkeep\n|turn|23\n|\n|t:|1788275582\n|-end|p2a: Walking Wake|Protosynthesis|[silent]\n|switch|p2a: Muk|Muk-Alola, F|40/100\n|move|p1a: Raging Bolt|Thunderbolt|p2a: Muk\n|-damage|p2a: Muk|6/100\n|-status|p2a: Muk|par\n|\n|-heal|p2a: Muk|12/100 par|[from] item: Black Sludge\n|upkeep\n|turn|24\n|\n|t:|1788275591\n|move|p1a: Raging Bolt|Thunderbolt|p2a: Muk\n|-damage|p2a: Muk|0 fnt\n|faint|p2a: Muk\n|\n|upkeep\n|\n|t:|1788275608\n|switch|p2a: Walking Wake|Walking Wake|21/100\n|turn|25\n|\n|t:|1788275613\n|-end|p2a: Walking Wake|Protosynthesis|[silent]\n|switch|p2a: Maushold|Maushold-Four|100/100\n|move|p1a: Raging Bolt|Thunderclap||[still]\n|-fail|p1a: Raging Bolt\n|\n|upkeep\n|turn|26\n|\n|t:|1788275615\n|-end|p1a: Raging Bolt|Protosynthesis|[silent]\n|switch|p1a: Corviknight|Corviknight, M|100/100\n|-ability|p1a: Corviknight|Pressure\n|move|p2a: Maushold|Encore||[still]\n|-fail|p2a: Maushold\n|\n|upkeep\n|turn|27\n|\n|t:|1788275622\n|switch|p2a: Weezing|Weezing-Galar, F|100/100\n|move|p1a: Corviknight|U-turn|p2a: Weezing\n|-resisted|p2a: Weezing\n|-damage|p2a: Weezing|96/100\n|\n|t:|1788275625\n|switch|p1a: Raging Bolt|Raging Bolt|42/100|[from] U-turn\n|\n|upkeep\n|turn|28\n|\n|t:|1788275629\n|move|p1a: Raging Bolt|Thunderbolt|p2a: Weezing\n|-damage|p2a: Weezing|2/100\n|move|p2a: Weezing|Strange Steam|p1a: Raging Bolt\n|-supereffective|p1a: Raging Bolt\n|-damage|p1a: Raging Bolt|0 fnt\n|faint|p1a: Raging Bolt\n|-end|p1a: Raging Bolt|Protosynthesis|[silent]\n|\n|upkeep\n|\n|t:|1788275635\n|switch|p1a: Meowscarada|Meowscarada, F|100/100\n|turn|29\n|\n|t:|1788275642\n|switch|p2a: Maushold|Maushold-Four|100/100\n|move|p1a: Meowscarada|Triple Axel|p2a: Maushold\n|-start|p1a: Meowscarada|typechange|Ice|[from] ability: Protean\n|-damage|p2a: Maushold|86/100\n|-damage|p2a: Maushold|56/100\n|-crit|p2a: Maushold\n|-damage|p2a: Maushold|0 fnt\n|faint|p2a: Maushold\n|-hitcount|p2: Maushold|3\n|\n|upkeep\n|inactive|miscellandorus-t has 120 seconds left.\n|\n|t:|1788275674\n|switch|p2a: Dragonite|Dragonite, M|100/100\n|turn|30\n|\n|t:|1788275677\n|-terastallize|p2a: Dragonite|Normal\n|move|p2a: Dragonite|Extreme Speed|p1a: Meowscarada\n|-damage|p1a: Meowscarada|0 fnt\n|faint|p1a: Meowscarada\n|\n|upkeep\n|-message|fulkttd forfeited.\n|\n|win|miscellandorus-t\n|raw|fulkttd's rating: 1434 &rarr; <strong>1411</strong><br />(-23 for losing)\n|raw|miscellandorus-t's rating: 1381 &rarr; <strong>1404</strong><br />(+23 for winning)\n|l|\u2606fulkttd\n|player|p1|\n|l|\u2606miscellandorus-t\n|player|p2|\n", "uploadtime": 1788275826, "views": "1", "formatid": "gen9ou", "rating": 1404, "private": 0, "password": null}