{"id": "gen9ou-2673851643", "format": "[Gen 9] OU", "players": ["mastersannin", "Kebeen"], "log": "|j|\u2606mastersannin\n|j|\u2606Kebeen\n|t:|1788268506\n|gametype|singles\n|player|p1|mastersannin|170|1496\n|player|p2|Kebeen|larry|1451\n|gen|9\n|tier|[Gen 9] OU\n|rated|\n|rule|HP Percentage Mod: HP is shown in percentages\n|rule|Endless Battle Clause: Forcing endless battles is banned\n|rule|Species Clause: Limit one of each Pok\u00e9mon\n|rule|OHKO Clause: OHKO moves are banned\n|rule|Evasion Items Clause: Evasion items are banned\n|rule|Evasion Moves Clause: Evasion moves are banned\n|rule|Evasion Abilities Clause: Evasion abilities are banned\n|rule|Sleep Moves Clause: Sleep-inducing moves are banned\n|clearpoke\n|poke|p1|Samurott-Hisui, M|\n|poke|p1|Zapdos|\n|poke|p1|Iron Treads|\n|poke|p1|Ceruledge, M|\n|poke|p1|Gholdengo|\n|poke|p1|Kingambit, M|\n|poke|p2|Weezing-Galar, F|\n|poke|p2|Alomomola, M|\n|poke|p2|Iron Treads|\n|poke|p2|Tornadus-Therian, M|\n|poke|p2|Zamazenta-*|\n|poke|p2|Lokix, F|\n|teampreview\n|inactive|Battle timer is ON: inactive players will automatically lose when time's up. (requested by mastersannin)\n|inactive|Kebeen has 120 seconds left.\n|\n|t:|1788268537\n|teamsize|p1|6\n|teamsize|p2|6\n|start\n|switch|p1a: Zapdos|Zapdos|100/100\n|switch|p2a: Lokix|Lokix, F|100/100\n|turn|1\n|\n|t:|1788268554\n|switch|p2a: Iron Treads|Iron Treads|100/100\n|move|p1a: Zapdos|Hurricane|p2a: Iron Treads\n|-resisted|p2a: Iron Treads\n|-damage|p2a: Iron Treads|74/100\n|-start|p2a: Iron Treads|confusion\n|\n|-heal|p2a: Iron Treads|80/100|[from] item: Leftovers\n|upkeep\n|turn|2\n|\n|t:|1788268568\n|switch|p1a: Samurott|Samurott-Hisui, M|100/100\n|-activate|p2a: Iron Treads|confusion\n|move|p2a: Iron Treads|Stealth Rock|p1a: Samurott\n|-sidestart|p1: mastersannin|move: Stealth Rock\n|\n|-heal|p2a: Iron Treads|86/100|[from] item: Leftovers\n|upkeep\n|turn|3\n|\n|t:|1788268586\n|-end|p2a: Iron Treads|Quark Drive|[silent]\n|switch|p2a: Alomomola|Alomomola, M|100/100\n|move|p1a: Samurott|Knock Off|p2a: Alomomola\n|-damage|p2a: Alomomola|76/100\n|-damage|p1a: Samurott|84/100|[from] item: Rocky Helmet|[of] p2a: Alomomola\n|-enditem|p2a: Alomomola|Rocky Helmet|[from] move: Knock Off|[of] p1a: Samurott\n|\n|upkeep\n|turn|4\n|\n|t:|1788268609\n|move|p1a: Samurott|Ceaseless Edge|p2a: Alomomola\n|-damage|p2a: Alomomola|50/100\n|-sidestart|p2: Kebeen|Spikes\n|move|p2a: Alomomola|Flip Turn|p1a: Samurott\n|-resisted|p1a: Samurott\n|-damage|p1a: Samurott|76/100\n|inactive|Kebeen has 120 seconds left.\n|\n|t:|1788268638\n|switch|p2a: Weezing|Weezing-Galar, F|100/100|[from] Flip Turn\n|-ability|p2a: Weezing|Neutralizing Gas\n|-damage|p2a: Weezing|88/100|[from] Spikes\n|\n|-heal|p2a: Weezing|94/100|[from] item: Leftovers\n|upkeep\n|turn|5\n|\n|t:|1788268664\n|switch|p1a: Ceruledge|Ceruledge, M|100/100\n|move|p2a: Weezing|Will-O-Wisp|p1a: Ceruledge\n|-immune|p1a: Ceruledge\n|\n|-heal|p2a: Weezing|99/100|[from] item: Leftovers\n|upkeep\n|turn|6\n|inactive|Kebeen has 120 seconds left.\n|\n|t:|1788268678\n|move|p1a: Ceruledge|Swords Dance|p1a: Ceruledge\n|-boost|p1a: Ceruledge|atk|2\n|move|p2a: Weezing|Toxic|p1a: Ceruledge\n|-status|p1a: Ceruledge|tox\n|\n|-heal|p2a: Weezing|100/100|[from] item: Leftovers\n|-damage|p1a: Ceruledge|94/100 tox|[from] psn\n|upkeep\n|turn|7\n|inactive|Kebeen has 120 seconds left.\n|\n|t:|1788268690\n|move|p1a: Ceruledge|Bitter Blade|p2a: Weezing\n|-damage|p2a: Weezing|35/100\n|-heal|p1a: Ceruledge|100/100 tox|[from] drain|[of] p2a: Weezing\n|move|p2a: Weezing|Defog|p1a: Ceruledge\n|-unboost|p1a: Ceruledge|evasion|1\n|-sideend|p1: mastersannin|Stealth Rock|[from] move: Defog|[of] p2a: Weezing\n|-sideend|p2: Kebeen|Spikes|[from] move: Defog|[of] p2a: Weezing\n|\n|-heal|p2a: Weezing|41/100|[from] item: Leftovers\n|-damage|p1a: Ceruledge|88/100 tox|[from] psn\n|upkeep\n|turn|8\n|inactive|Kebeen has 120 seconds left.\n|\n|t:|1788268700\n|move|p2a: Weezing|Protect|p2a: Weezing\n|-singleturn|p2a: Weezing|Protect\n|move|p1a: Ceruledge|Bitter Blade|p2a: Weezing\n|-activate|p2a: Weezing|move: Protect\n|\n|-heal|p2a: Weezing|47/100|[from] item: Leftovers\n|-damage|p1a: Ceruledge|70/100 tox|[from] psn\n|upkeep\n|turn|9\n|inactive|Kebeen has 120 seconds left.\n|\n|t:|1788268717\n|move|p2a: Weezing|Protect|p2a: Weezing\n|-singleturn|p2a: Weezing|Protect\n|move|p1a: Ceruledge|Bitter Blade|p2a: Weezing\n|-activate|p2a: Weezing|move: Protect\n|\n|-heal|p2a: Weezing|53/100|[from] item: Leftovers\n|-damage|p1a: Ceruledge|46/100 tox|[from] psn\n|upkeep\n|turn|10\n|inactive|Kebeen has 120 seconds left.\n|\n|t:|1788268730\n|move|p1a: Ceruledge|Bitter Blade|p2a: Weezing\n|-damage|p2a: Weezing|0 fnt\n|-heal|p1a: Ceruledge|71/100 tox|[from] drain|[of] p2a: Weezing\n|faint|p2a: Weezing\n|-end|p2a: Weezing|ability: Neutralizing Gas\n|\n|-damage|p1a: Ceruledge|41/100 tox|[from] psn\n|upkeep\n|\n|t:|1788268743\n|switch|p2a: Alomomola|Alomomola, M|84/100\n|turn|11\n|\n|t:|1788268750\n|move|p1a: Ceruledge|Bitter Blade|p2a: Alomomola\n|-resisted|p2a: Alomomola\n|-damage|p2a: Alomomola|55/100\n|-heal|p1a: Ceruledge|61/100 tox|[from] drain|[of] p2a: Alomomola\n|move|p2a: Alomomola|Flip Turn|p1a: Ceruledge\n|-supereffective|p1a: Ceruledge\n|-damage|p1a: Ceruledge|22/100 tox\n|-ability|p1a: Ceruledge|Weak Armor|boost\n|-unboost|p1a: Ceruledge|def|1\n|-boost|p1a: Ceruledge|spe|2\n|\n|t:|1788268770\n|switch|p2a: Tornadus|Tornadus-Therian, M|100/100|[from] Flip Turn\n|\n|-damage|p1a: Ceruledge|0 fnt|[from] psn\n|faint|p1a: Ceruledge\n|upkeep\n|\n|t:|1788268788\n|switch|p1a: Zapdos|Zapdos|100/100\n|turn|12\n|\n|t:|1788268796\n|switch|p2a: Iron Treads|Iron Treads|86/100\n|move|p1a: Zapdos|Hurricane|p2a: Iron Treads\n|-resisted|p2a: Iron Treads\n|-damage|p2a: Iron Treads|58/100\n|\n|-heal|p2a: Iron Treads|64/100|[from] item: Leftovers\n|upkeep\n|turn|13\n|\n|t:|1788268811\n|switch|p1a: Samurott|Samurott-Hisui, M|76/100\n|move|p2a: Iron Treads|Ice Spinner|p1a: Samurott\n|-resisted|p1a: Samurott\n|-damage|p1a: Samurott|65/100\n|\n|-heal|p2a: Iron Treads|70/100|[from] item: Leftovers\n|upkeep\n|turn|14\n|\n|t:|1788268834\n|-end|p2a: Iron Treads|Quark Drive|[silent]\n|switch|p2a: Alomomola|Alomomola, M|88/100\n|move|p1a: Samurott|Ceaseless Edge|p2a: Alomomola\n|-damage|p2a: Alomomola|63/100\n|-sidestart|p2: Kebeen|Spikes\n|\n|upkeep\n|turn|15\n|\n|t:|1788268844\n|move|p1a: Samurott|Ceaseless Edge|p2a: Alomomola\n|-damage|p2a: Alomomola|37/100\n|-sidestart|p2: Kebeen|Spikes\n|move|p2a: Alomomola|Wish|p2a: Alomomola\n|\n|upkeep\n|turn|16\n|\n|t:|1788268861\n|move|p1a: Samurott|Ceaseless Edge|p2a: Alomomola\n|-damage|p2a: Alomomola|13/100\n|-sidestart|p2: Kebeen|Spikes\n|move|p2a: Alomomola|Tickle|p1a: Samurott\n|-unboost|p1a: Samurott|atk|1\n|-unboost|p1a: Samurott|def|1\n|\n|-heal|p2a: Alomomola|63/100|[from] move: Wish|[wisher] Alomomola\n|upkeep\n|turn|17\n|\n|t:|1788268870\n|switch|p1a: Kingambit|Kingambit, M|100/100\n|-activate|p1a: Kingambit|ability: Supreme Overlord\n|-start|p1a: Kingambit|fallen1|[silent]\n|move|p2a: Alomomola|Wish|p2a: Alomomola\n|\n|upkeep\n|turn|18\n|\n|t:|1788268881\n|move|p1a: Kingambit|Swords Dance|p1a: Kingambit\n|-boost|p1a: Kingambit|atk|2\n|move|p2a: Alomomola|Flip Turn|p1a: Kingambit\n|-damage|p1a: Kingambit|86/100\n|inactive|Kebeen has 90 seconds left.\n|\n|t:|1788268896\n|switch|p2a: Zamazenta|Zamazenta|100/100|[from] Flip Turn\n|-damage|p2a: Zamazenta|76/100|[from] Spikes\n|-ability|p2a: Zamazenta|Dauntless Shield|boost\n|-boost|p2a: Zamazenta|def|1\n|\n|-heal|p2a: Zamazenta|100/100|[from] move: Wish|[wisher] Alomomola\n|-heal|p1a: Kingambit|92/100|[from] item: Leftovers\n|upkeep\n|turn|19\n|inactive|Kebeen has 90 seconds left.\n|\n|t:|1788268909\n|-terastallize|p1a: Kingambit|Fighting\n|move|p2a: Zamazenta|Close Combat|p1a: Kingambit\n|-damage|p1a: Kingambit|4/100\n|-unboost|p2a: Zamazenta|def|1\n|-unboost|p2a: Zamazenta|spd|1\n|move|p1a: Kingambit|Low Kick|p2a: Zamazenta\n|-damage|p2a: Zamazenta|0 fnt\n|faint|p2a: Zamazenta\n|\n|-heal|p1a: Kingambit|10/100|[from] item: Leftovers\n|upkeep\n|inactive|Kebeen has 90 seconds left.\n|\n|t:|1788268936\n|switch|p2a: Alomomola|Alomomola, M|96/100\n|-damage|p2a: Alomomola|71/100|[from] Spikes\n|turn|20\n|\n|t:|1788268949\n|move|p1a: Kingambit|Low Kick|p2a: Alomomola\n|-damage|p2a: Alomomola|28/100\n|move|p2a: Alomomola|Flip Turn|p1a: Kingambit\n|-damage|p1a: Kingambit|0 fnt\n|faint|p1a: Kingambit\n|-end|p1a: Kingambit|fallen1|[silent]\n|\n|t:|1788268956\n|switch|p2a: Iron Treads|Iron Treads|70/100|[from] Flip Turn\n|-damage|p2a: Iron Treads|45/100|[from] Spikes\n|\n|-heal|p2a: Iron Treads|52/100|[from] item: Leftovers\n|upkeep\n|\n|t:|1788268961\n|switch|p1a: Samurott|Samurott-Hisui, M|65/100\n|turn|21\n|\n|t:|1788268975\n|move|p2a: Iron Treads|Rapid Spin|p1a: Samurott\n|-damage|p1a: Samurott|50/100\n|-boost|p2a: Iron Treads|spe|1\n|-sideend|p2: Kebeen|Spikes|[from] move: Rapid Spin|[of] p2a: Iron Treads\n|move|p1a: Samurott|Ceaseless Edge|p2a: Iron Treads\n|-damage|p2a: Iron Treads|16/100\n|-sidestart|p2: Kebeen|Spikes\n|\n|-heal|p2a: Iron Treads|22/100|[from] item: Leftovers\n|upkeep\n|turn|22\n|\n|t:|1788268996\n|-end|p2a: Iron Treads|Quark Drive|[silent]\n|switch|p2a: Alomomola|Alomomola, M|62/100\n|-damage|p2a: Alomomola|49/100|[from] Spikes\n|move|p1a: Samurott|Sucker Punch||[still]\n|-fail|p1a: Samurott\n|\n|upkeep\n|turn|23\n|\n|t:|1788269005\n|move|p1a: Samurott|Ceaseless Edge|p2a: Alomomola\n|-damage|p2a: Alomomola|24/100\n|-sidestart|p2: Kebeen|Spikes\n|move|p2a: Alomomola|Wish|p2a: Alomomola\n|\n|upkeep\n|turn|24\n|\n|t:|1788269012\n|move|p2a: Alomomola|Protect|p2a: Alomomola\n|-singleturn|p2a: Alomomola|Protect\n|move|p1a: Samurott|Ceaseless Edge|p2a: Alomomola\n|-activate|p2a: Alomomola|move: Protect\n|\n|-heal|p2a: Alomomola|74/100|[from] move: Wish|[wisher] Alomomola\n|upkeep\n|turn|25\n|\n|t:|1788269031\n|move|p1a: Samurott|Ceaseless Edge|p2a: Alomomola\n|-damage|p2a: Alomomola|50/100\n|-sidestart|p2: Kebeen|Spikes\n|move|p2a: Alomomola|Wish|p2a: Alomomola\n|\n|upkeep\n|turn|26\n|\n|t:|1788269045\n|switch|p1a: Iron Treads|Iron Treads|100/100\n|move|p2a: Alomomola|Flip Turn|p1a: Iron Treads\n|-supereffective|p1a: Iron Treads\n|-damage|p1a: Iron Treads|70/100\n|\n|t:|1788269063\n|switch|p2a: Iron Treads|Iron Treads|22/100|[from] Flip Turn\n|-damage|p2a: Iron Treads|0 fnt|[from] Spikes\n|faint|p2a: Iron Treads\n|-end|p2a: Iron Treads|Quark Drive|[silent]\n|\n|upkeep\n|\n|t:|1788269072\n|switch|p2a: Tornadus|Tornadus-Therian, M|100/100\n|turn|27\n|\n|t:|1788269080\n|-end|p1a: Iron Treads|Quark Drive|[silent]\n|switch|p1a: Samurott|Samurott-Hisui, M|50/100\n|move|p2a: Tornadus|Heat Wave|p1a: Samurott\n|-resisted|p1a: Samurott\n|-damage|p1a: Samurott|42/100\n|\n|upkeep\n|turn|28\n|\n|t:|1788269095\n|move|p2a: Tornadus|U-turn|p1a: Samurott\n|-supereffective|p1a: Samurott\n|-damage|p1a: Samurott|13/100\n|\n|t:|1788269099\n|switch|p2a: Alomomola|Alomomola, M|84/100|[from] U-turn\n|-damage|p2a: Alomomola|59/100|[from] Spikes\n|move|p1a: Samurott|Razor Shell|p2a: Alomomola\n|-resisted|p2a: Alomomola\n|-damage|p2a: Alomomola|45/100\n|-unboost|p2a: Alomomola|def|1\n|\n|upkeep\n|turn|29\n|\n|t:|1788269110\n|switch|p2a: Tornadus|Tornadus-Therian, M|100/100\n|move|p1a: Samurott|Ceaseless Edge|p2a: Tornadus\n|-damage|p2a: Tornadus|51/100\n|\n|upkeep\n|turn|30\n|\n|t:|1788269119\n|move|p2a: Tornadus|U-turn|p1a: Samurott\n|-supereffective|p1a: Samurott\n|-damage|p1a: Samurott|0 fnt\n|faint|p1a: Samurott\n|\n|t:|1788269122\n|switch|p2a: Alomomola|Alomomola, M|79/100|[from] U-turn\n|-damage|p2a: Alomomola|54/100|[from] Spikes\n|\n|upkeep\n|\n|t:|1788269126\n|switch|p1a: Zapdos|Zapdos|100/100\n|turn|31\n|inactive|Kebeen has 90 seconds left.\n|inactive|Kebeen has 60 seconds left.\n|\n|t:|1788269179\n|move|p1a: Zapdos|Thunder Wave|p2a: Alomomola\n|-status|p2a: Alomomola|par\n|move|p2a: Alomomola|Flip Turn|p1a: Zapdos\n|-damage|p1a: Zapdos|90/100\n|\n|t:|1788269185\n|switch|p2a: Tornadus|Tornadus-Therian, M|84/100|[from] Flip Turn\n|\n|upkeep\n|turn|32\n|\n|t:|1788269200\n|move|p2a: Tornadus|Heat Wave|p1a: Zapdos\n|-damage|p1a: Zapdos|68/100\n|move|p1a: Zapdos|Thunder Wave|p2a: Tornadus\n|-status|p2a: Tornadus|par\n|\n|upkeep\n|turn|33\n|\n|t:|1788269210\n|move|p1a: Zapdos|Volt Switch|p2a: Tornadus\n|-supereffective|p2a: Tornadus\n|-damage|p2a: Tornadus|42/100 par\n|\n|t:|1788269213\n|switch|p1a: Iron Treads|Iron Treads|70/100|[from] Volt Switch\n|move|p2a: Tornadus|U-turn|p1a: Iron Treads\n|-resisted|p1a: Iron Treads\n|-damage|p1a: Iron Treads|64/100\n|inactive|Kebeen has 60 seconds left.\n|\n|t:|1788269218\n|switch|p2a: Alomomola|Alomomola, M|87/100 par|[from] U-turn\n|-damage|p2a: Alomomola|62/100 par|[from] Spikes\n|\n|upkeep\n|turn|34\n|inactive|Kebeen has 60 seconds left.\n|\n|t:|1788269245\n|move|p1a: Iron Treads|Stealth Rock|p2a: Alomomola\n|-sidestart|p2: Kebeen|move: Stealth Rock\n|move|p2a: Alomomola|Flip Turn|p1a: Iron Treads\n|-supereffective|p1a: Iron Treads\n|-damage|p1a: Iron Treads|32/100\n|\n|t:|1788269250\n|switch|p2a: Tornadus|Tornadus-Therian, M|76/100 par|[from] Flip Turn\n|-damage|p2a: Tornadus|51/100 par|[from] Stealth Rock\n|\n|upkeep\n|turn|35\n|\n|t:|1788269258\n|move|p1a: Iron Treads|Knock Off|p2a: Tornadus\n|-damage|p2a: Tornadus|16/100 par\n|-enditem|p2a: Tornadus|Assault Vest|[from] move: Knock Off|[of] p1a: Iron Treads\n|move|p2a: Tornadus|Heat Wave|p1a: Iron Treads\n|-supereffective|p1a: Iron Treads\n|-damage|p1a: Iron Treads|0 fnt\n|faint|p1a: Iron Treads\n|-end|p1a: Iron Treads|Quark Drive|[silent]\n|\n|upkeep\n|\n|t:|1788269264\n|switch|p1a: Zapdos|Zapdos|68/100\n|turn|36\n|\n|t:|1788269268\n|switch|p2a: Alomomola|Alomomola, M|95/100 par\n|-damage|p2a: Alomomola|71/100 par|[from] Spikes\n|-damage|p2a: Alomomola|58/100 par|[from] Stealth Rock\n|move|p1a: Zapdos|Volt Switch|p2a: Alomomola\n|-supereffective|p2a: Alomomola\n|-damage|p2a: Alomomola|6/100 par\n|\n|t:|1788269271\n|switch|p1a: Gholdengo|Gholdengo|100/100|[from] Volt Switch\n|-item|p1a: Gholdengo|Air Balloon\n|\n|upkeep\n|turn|37\n|\n|t:|1788269290\n|switch|p2a: Tornadus|Tornadus-Therian, M|50/100 par\n|-damage|p2a: Tornadus|25/100 par|[from] Stealth Rock\n|move|p1a: Gholdengo|Hex|p2a: Tornadus\n|-damage|p2a: Tornadus|0 fnt\n|faint|p2a: Tornadus\n|\n|upkeep\n|\n|t:|1788269299\n|switch|p2a: Lokix|Lokix, F|100/100\n|-damage|p2a: Lokix|76/100|[from] Spikes\n|-damage|p2a: Lokix|51/100|[from] Stealth Rock\n|turn|38\n|\n|t:|1788269323\n|move|p2a: Lokix|Knock Off|p1a: Gholdengo\n|-supereffective|p1a: Gholdengo\n|-damage|p1a: Gholdengo|4/100\n|-enditem|p1a: Gholdengo|Air Balloon\n|move|p1a: Gholdengo|Recover|p1a: Gholdengo\n|-heal|p1a: Gholdengo|54/100\n|\n|upkeep\n|turn|39\n|\n|t:|1788269331\n|move|p2a: Lokix|Knock Off|p1a: Gholdengo\n|-supereffective|p1a: Gholdengo\n|-damage|p1a: Gholdengo|0 fnt\n|faint|p1a: Gholdengo\n|\n|upkeep\n|\n|t:|1788269334\n|switch|p1a: Zapdos|Zapdos|68/100\n|turn|40\n|\n|t:|1788269344\n|switch|p2a: Alomomola|Alomomola, M|39/100 par\n|-damage|p2a: Alomomola|14/100 par|[from] Spikes\n|-damage|p2a: Alomomola|2/100 par|[from] Stealth Rock\n|move|p1a: Zapdos|Roost|p1a: Zapdos\n|-heal|p1a: Zapdos|100/100\n|-singleturn|p1a: Zapdos|move: Roost\n|\n|upkeep\n|turn|41\n|inactive|Kebeen has 90 seconds left.\n|\n|t:|1788269354\n|move|p1a: Zapdos|Volt Switch|p2a: Alomomola\n|-supereffective|p2a: Alomomola\n|-damage|p2a: Alomomola|0 fnt\n|faint|p2a: Alomomola\n|\n|upkeep\n|\n|t:|1788269358\n|switch|p2a: Lokix|Lokix, F|51/100\n|-damage|p2a: Lokix|26/100|[from] Spikes\n|-damage|p2a: Lokix|2/100|[from] Stealth Rock\n|turn|42\n|\n|t:|1788269364\n|-terastallize|p2a: Lokix|Bug\n|move|p2a: Lokix|First Impression|p1a: Zapdos\n|-resisted|p1a: Zapdos\n|-damage|p1a: Zapdos|38/100\n|move|p1a: Zapdos|Volt Switch|p2a: Lokix\n|-damage|p2a: Lokix|0 fnt\n|faint|p2a: Lokix\n|\n|win|mastersannin\n|raw|mastersannin's rating: 1496 &rarr; <strong>1513</strong><br />(+17 for winning)\n|raw|Kebeen's rating: 1451 &rarr; <strong>1434</strong><br />(-17 for losing)\n|c|\u2606Kebeen|gg\n|c|\u2606mastersannin|gg\n|l|\u2606mastersannin\n|player|p1|\n|l|\u2606Kebeen\n|player|p2|\n|j|\u2606Kebeen\n|player|p2|Kebeen|larry|\n", "uploadtime": 1788269372, "views": "4", "formatid": "gen9ou", "rating": 1434, "private": 0, "password": null}