{"id": "gen9ou-2673872656", "format": "[Gen 9] OU", "players": ["Agent Zyn7", "kangarooteam1"], "log": "|j|\u2606Agent Zyn7\n|j|\u2606kangarooteam1\n|t:|1788271406\n|gametype|singles\n|player|p1|Agent Zyn7|elesa|1695\n|player|p2|kangarooteam1|1|1662\n|gen|9\n|tier|[Gen 9] OU\n|rated|\n|rule|HP Percentage Mod: HP is shown in percentages\n|rule|Endless Battle Clause: Forcing endless battles is banned\n|rule|Species Clause: Limit one of each Pok\u00e9mon\n|rule|OHKO Clause: OHKO moves are banned\n|rule|Evasion Items Clause: Evasion items are banned\n|rule|Evasion Moves Clause: Evasion moves are banned\n|rule|Evasion Abilities Clause: Evasion abilities are banned\n|rule|Sleep Moves Clause: Sleep-inducing moves are banned\n|clearpoke\n|poke|p1|Pelipper, F|\n|poke|p1|Zamazenta-*|\n|poke|p1|Manaphy|\n|poke|p1|Rillaboom, M|\n|poke|p1|Enamorus, F|\n|poke|p1|Raging Bolt|\n|poke|p2|Great Tusk|\n|poke|p2|Gholdengo|\n|poke|p2|Raging Bolt|\n|poke|p2|Iron Valiant|\n|poke|p2|Ogerpon-Wellspring, F|\n|poke|p2|Kingambit, M|\n|teampreview\n|inactive|Battle timer is ON: inactive players will automatically lose when time's up. (requested by kangarooteam1)\n|\n|t:|1788271432\n|teamsize|p1|6\n|teamsize|p2|6\n|start\n|switch|p1a: Cardi Z|Zamazenta, shiny|100/100\n|switch|p2a: Raging Bolt|Raging Bolt|100/100\n|-ability|p1a: Cardi Z|Dauntless Shield|boost\n|-boost|p1a: Cardi Z|def|1\n|turn|1\n|\n|t:|1788271434\n|move|p1a: Cardi Z|Light Screen|p1a: Cardi Z\n|-sidestart|p1: Agent Zyn7|move: Light Screen\n|move|p2a: Raging Bolt|Calm Mind|p2a: Raging Bolt\n|-boost|p2a: Raging Bolt|spa|1\n|-boost|p2a: Raging Bolt|spd|1\n|\n|upkeep\n|turn|2\n|\n|t:|1788271437\n|move|p1a: Cardi Z|Body Press|p2a: Raging Bolt\n|-damage|p2a: Raging Bolt|51/100\n|move|p2a: Raging Bolt|Thunderbolt|p1a: Cardi Z\n|-damage|p1a: Cardi Z|65/100\n|\n|-heal|p2a: Raging Bolt|58/100|[from] item: Leftovers\n|upkeep\n|turn|3\n|\n|t:|1788271440\n|move|p1a: Cardi Z|Body Press|p2a: Raging Bolt\n|-crit|p2a: Raging Bolt\n|-damage|p2a: Raging Bolt|0 fnt\n|faint|p2a: Raging Bolt\n|-end|p2a: Raging Bolt|Protosynthesis|[silent]\n|\n|upkeep\n|\n|t:|1788271441\n|switch|p2a: Gholdengo|Gholdengo|100/100\n|-item|p2a: Gholdengo|Air Balloon\n|turn|4\n|\n|t:|1788271447\n|switch|p1a: Wet Ass Pelipper|Pelipper, F|100/100\n|-weather|RainDance|[from] ability: Drizzle|[of] p1a: Wet Ass Pelipper\n|move|p2a: Gholdengo|Nasty Plot|p2a: Gholdengo\n|-boost|p2a: Gholdengo|spa|2\n|\n|-weather|RainDance|[upkeep]\n|upkeep\n|turn|5\n|\n|t:|1788271449\n|move|p2a: Gholdengo|Shadow Ball|p1a: Wet Ass Pelipper\n|-damage|p1a: Wet Ass Pelipper|42/100\n|move|p1a: Wet Ass Pelipper|U-turn|p2a: Gholdengo\n|-resisted|p2a: Gholdengo\n|-damage|p2a: Gholdengo|98/100\n|-enditem|p2a: Gholdengo|Air Balloon\n|\n|t:|1788271454\n|switch|p1a: Make It Drop|Manaphy|100/100|[from] U-turn\n|\n|-weather|RainDance|[upkeep]\n|upkeep\n|turn|6\n|\n|t:|1788271457\n|switch|p2a: Ogerpon|Ogerpon-Wellspring, F|100/100\n|move|p1a: Make It Drop|Surf|p2a: Ogerpon\n|-immune|p2a: Ogerpon|[from] ability: Water Absorb\n|\n|-weather|RainDance|[upkeep]\n|upkeep\n|turn|7\n|\n|t:|1788271459\n|switch|p1a: Megan Thee Monkey|Rillaboom, M, shiny|100/100\n|-fieldstart|move: Grassy Terrain|[from] ability: Grassy Surge|[of] p1a: Megan Thee Monkey\n|move|p2a: Ogerpon|Ivy Cudgel|p1a: Megan Thee Monkey|[anim] Ivy Cudgel Water\n|-resisted|p1a: Megan Thee Monkey\n|-damage|p1a: Megan Thee Monkey|55/100\n|\n|-weather|RainDance|[upkeep]\n|-heal|p1a: Megan Thee Monkey|61/100|[from] Grassy Terrain\n|upkeep\n|turn|8\n|\n|t:|1788271467\n|move|p1a: Megan Thee Monkey|Grassy Glide|p2a: Ogerpon\n|-damage|p2a: Ogerpon|35/100\n|-damage|p1a: Megan Thee Monkey|51/100|[from] item: Life Orb\n|move|p2a: Ogerpon|U-turn|p1a: Megan Thee Monkey\n|-supereffective|p1a: Megan Thee Monkey\n|-damage|p1a: Megan Thee Monkey|0 fnt\n|faint|p1a: Megan Thee Monkey\n|\n|t:|1788271468\n|switch|p2a: Gholdengo|Gholdengo|98/100|[from] U-turn\n|\n|-weather|RainDance|[upkeep]\n|-heal|p2a: Gholdengo|100/100|[from] Grassy Terrain\n|-sideend|p1: Agent Zyn7|move: Light Screen\n|upkeep\n|\n|t:|1788271471\n|switch|p1a: Make It Drop|Manaphy|100/100\n|-enditem|p1a: Make It Drop|Grassy Seed\n|-boost|p1a: Make It Drop|def|1|[from] item: Grassy Seed\n|turn|9\n|\n|t:|1788271476\n|move|p2a: Gholdengo|Nasty Plot|p2a: Gholdengo\n|-boost|p2a: Gholdengo|spa|2\n|move|p1a: Make It Drop|Surf|p2a: Gholdengo\n|-damage|p2a: Gholdengo|31/100\n|\n|-weather|RainDance|[upkeep]\n|-heal|p2a: Gholdengo|37/100|[from] Grassy Terrain\n|upkeep\n|turn|10\n|\n|t:|1788271478\n|switch|p2a: Ogerpon|Ogerpon-Wellspring, F|35/100\n|move|p1a: Make It Drop|Surf|p2a: Ogerpon\n|-heal|p2a: Ogerpon|60/100|[from] ability: Water Absorb|[of] p1a: Make It Drop\n|\n|-weather|RainDance|[upkeep]\n|-heal|p2a: Ogerpon|66/100|[from] Grassy Terrain\n|upkeep\n|turn|11\n|\n|t:|1788271486\n|switch|p1a: Throat Goat|Raging Bolt|100/100\n|-enditem|p1a: Throat Goat|Booster Energy\n|-activate|p1a: Throat Goat|ability: Protosynthesis|[fromitem]\n|-start|p1a: Throat Goat|protosynthesisspa\n|move|p2a: Ogerpon|Ivy Cudgel|p1a: Throat Goat|[anim] Ivy Cudgel Water\n|-resisted|p1a: Throat Goat\n|-damage|p1a: Throat Goat|62/100\n|\n|-weather|none\n|-heal|p2a: Ogerpon|72/100|[from] Grassy Terrain\n|-heal|p1a: Throat Goat|68/100|[from] Grassy Terrain\n|-fieldend|move: Grassy Terrain\n|upkeep\n|turn|12\n|\n|t:|1788271492\n|move|p2a: Ogerpon|U-turn|p1a: Throat Goat\n|-damage|p1a: Throat Goat|43/100\n|\n|t:|1788271493\n|switch|p2a: Great Tusk|Great Tusk|100/100|[from] U-turn\n|move|p1a: Throat Goat|Dragon Pulse|p2a: Great Tusk\n|-damage|p2a: Great Tusk|10/100\n|\n|-heal|p2a: Great Tusk|16/100|[from] item: Leftovers\n|upkeep\n|turn|13\n|\n|t:|1788271497\n|-end|p1a: Throat Goat|Protosynthesis|[silent]\n|switch|p1a: Wet Ass Pelipper|Pelipper, F|42/100\n|-weather|RainDance|[from] ability: Drizzle|[of] p1a: Wet Ass Pelipper\n|move|p2a: Great Tusk|Stealth Rock|p1a: Wet Ass Pelipper\n|-sidestart|p1: Agent Zyn7|move: Stealth Rock\n|\n|-weather|RainDance|[upkeep]\n|-heal|p2a: Great Tusk|22/100|[from] item: Leftovers\n|upkeep\n|turn|14\n|\n|t:|1788271499\n|move|p2a: Great Tusk|Knock Off|p1a: Wet Ass Pelipper\n|-damage|p1a: Wet Ass Pelipper|19/100\n|-enditem|p1a: Wet Ass Pelipper|Damp Rock|[from] move: Knock Off|[of] p2a: Great Tusk\n|move|p1a: Wet Ass Pelipper|Surf|p2a: Great Tusk\n|-supereffective|p2a: Great Tusk\n|-damage|p2a: Great Tusk|0 fnt\n|faint|p2a: Great Tusk\n|-end|p2a: Great Tusk|Protosynthesis|[silent]\n|\n|-weather|RainDance|[upkeep]\n|upkeep\n|\n|t:|1788271500\n|switch|p2a: Iron Valiant|Iron Valiant|100/100\n|-enditem|p2a: Iron Valiant|Booster Energy\n|-activate|p2a: Iron Valiant|ability: Quark Drive|[fromitem]\n|-start|p2a: Iron Valiant|quarkdrivespe\n|turn|15\n|\n|t:|1788271503\n|move|p2a: Iron Valiant|Moonblast|p1a: Wet Ass Pelipper\n|-damage|p1a: Wet Ass Pelipper|0 fnt\n|faint|p1a: Wet Ass Pelipper\n|\n|-weather|RainDance|[upkeep]\n|upkeep\n|\n|t:|1788271506\n|switch|p1a: Make It Drop|Manaphy|100/100\n|-damage|p1a: Make It Drop|88/100|[from] Stealth Rock\n|turn|16\n|\n|t:|1788271510\n|-end|p2a: Iron Valiant|Quark Drive|[silent]\n|switch|p2a: Ogerpon|Ogerpon-Wellspring, F|72/100\n|move|p1a: Make It Drop|Surf|p2a: Ogerpon\n|-heal|p2a: Ogerpon|97/100|[from] ability: Water Absorb|[of] p1a: Make It Drop\n|\n|-weather|RainDance|[upkeep]\n|upkeep\n|turn|17\n|j| Slashutu\n|\n|t:|1788271518\n|move|p2a: Ogerpon|Ivy Cudgel|p1a: Make It Drop|[anim] Ivy Cudgel Water\n|-resisted|p1a: Make It Drop\n|-damage|p1a: Make It Drop|47/100\n|move|p1a: Make It Drop|Alluring Voice|p2a: Ogerpon\n|-damage|p2a: Ogerpon|66/100\n|\n|-weather|RainDance|[upkeep]\n|upkeep\n|turn|18\n|\n|t:|1788271521\n|move|p2a: Ogerpon|Horn Leech|p1a: Make It Drop\n|-supereffective|p1a: Make It Drop\n|-damage|p1a: Make It Drop|0 fnt\n|-heal|p2a: Ogerpon|96/100|[from] drain|[of] p1a: Make It Drop\n|faint|p1a: Make It Drop\n|\n|-weather|RainDance|[upkeep]\n|upkeep\n|\n|t:|1788271523\n|switch|p1a: Cardi Z|Zamazenta, shiny|65/100\n|-damage|p1a: Cardi Z|59/100|[from] Stealth Rock\n|turn|19\n|\n|t:|1788271525\n|move|p1a: Cardi Z|Reflect|p1a: Cardi Z\n|-sidestart|p1: Agent Zyn7|Reflect\n|move|p2a: Ogerpon|Ivy Cudgel|p1a: Cardi Z|[anim] Ivy Cudgel Water\n|-crit|p1a: Cardi Z\n|-damage|p1a: Cardi Z|0 fnt\n|faint|p1a: Cardi Z\n|\n|-weather|RainDance|[upkeep]\n|upkeep\n|\n|t:|1788271528\n|switch|p1a: Cupcakke|Enamorus, F|100/100\n|-damage|p1a: Cupcakke|76/100|[from] Stealth Rock\n|turn|20\n|\n|t:|1788271532\n|-terastallize|p2a: Ogerpon|Water\n|detailschange|p2a: Ogerpon|Ogerpon-Wellspring-Tera, F, tera:Water\n|-ability|p2a: Ogerpon|Embody Aspect (Wellspring)|boost\n|-boost|p2a: Ogerpon|spd|1\n|move|p1a: Cupcakke|Healing Wish|p1a: Cupcakke\n|faint|p1a: Cupcakke\n|move|p2a: Ogerpon|Ivy Cudgel|p1: Cupcakke|[notarget]\n|-fail|p2a: Ogerpon\n|\n|-weather|none\n|upkeep\n|\n|t:|1788271534\n|switch|p1a: Throat Goat|Raging Bolt|43/100\n|-heal|p1a: Throat Goat|100/100|[from] move: Healing Wish\n|-damage|p1a: Throat Goat|88/100|[from] Stealth Rock\n|turn|21\n|\n|t:|1788271537\n|move|p2a: Ogerpon|U-turn|p1a: Throat Goat\n|-damage|p1a: Throat Goat|75/100\n|\n|t:|1788271538\n|switch|p2a: Iron Valiant|Iron Valiant|100/100|[from] U-turn\n|move|p1a: Throat Goat|Calm Mind|p1a: Throat Goat\n|-boost|p1a: Throat Goat|spa|1\n|-boost|p1a: Throat Goat|spd|1\n|\n|upkeep\n|turn|22\n|\n|t:|1788271542\n|move|p2a: Iron Valiant|Encore|p1a: Throat Goat\n|-start|p1a: Throat Goat|Encore\n|move|p1a: Throat Goat|Calm Mind|p1a: Throat Goat\n|-boost|p1a: Throat Goat|spa|1\n|-boost|p1a: Throat Goat|spd|1\n|\n|upkeep\n|turn|23\n|inactive|Agent Zyn7 has 120 seconds left.\n|inactive|Agent Zyn7 has 90 seconds left.\n|\n|t:|1788271604\n|move|p2a: Iron Valiant|Moonblast|p1a: Throat Goat\n|-supereffective|p1a: Throat Goat\n|-damage|p1a: Throat Goat|35/100\n|move|p1a: Throat Goat|Calm Mind|p1a: Throat Goat\n|-boost|p1a: Throat Goat|spa|1\n|-boost|p1a: Throat Goat|spd|1\n|\n|upkeep\n|turn|24\n|\n|t:|1788271608\n|-terastallize|p1a: Throat Goat|Fairy\n|move|p2a: Iron Valiant|Moonblast|p1a: Throat Goat\n|-damage|p1a: Throat Goat|19/100\n|move|p1a: Throat Goat|Calm Mind|p1a: Throat Goat\n|-boost|p1a: Throat Goat|spa|1\n|-boost|p1a: Throat Goat|spd|1\n|\n|-end|p1a: Throat Goat|Encore\n|upkeep\n|turn|25\n|\n|t:|1788271610\n|move|p1a: Throat Goat|Thunderclap||[still]\n|-fail|p1a: Throat Goat\n|move|p2a: Iron Valiant|Encore|p1a: Throat Goat\n|-start|p1a: Throat Goat|Encore\n|\n|upkeep\n|turn|26\n|\n|t:|1788271612\n|-end|p2a: Iron Valiant|Quark Drive|[silent]\n|switch|p2a: Gholdengo|Gholdengo|37/100\n|move|p1a: Throat Goat|Thunderclap||[still]\n|-fail|p1a: Throat Goat\n|\n|-sideend|p1: Agent Zyn7|Reflect\n|upkeep\n|turn|27\n|\n|t:|1788271614\n|move|p1a: Throat Goat|Thunderclap||[still]\n|-fail|p1a: Throat Goat\n|move|p2a: Gholdengo|Recover|p2a: Gholdengo\n|-heal|p2a: Gholdengo|87/100\n|\n|upkeep\n|turn|28\n|\n|t:|1788271617\n|switch|p2a: Kingambit|Kingambit, M|100/100\n|-activate|p2a: Kingambit|ability: Supreme Overlord\n|-start|p2a: Kingambit|fallen2|[silent]\n|move|p1a: Throat Goat|Thunderclap||[still]\n|-fail|p1a: Throat Goat\n|\n|-end|p1a: Throat Goat|Encore\n|upkeep\n|turn|29\n|\n|t:|1788271623\n|move|p1a: Throat Goat|Thunderclap|p2a: Kingambit\n|-damage|p2a: Kingambit|0 fnt\n|faint|p2a: Kingambit\n|-end|p2a: Kingambit|fallen2|[silent]\n|\n|upkeep\n|\n|t:|1788271624\n|switch|p2a: Gholdengo|Gholdengo|87/100\n|turn|30\n|\n|t:|1788271627\n|move|p1a: Throat Goat|Thunderclap|p2a: Gholdengo\n|-damage|p2a: Gholdengo|0 fnt\n|faint|p2a: Gholdengo\n|\n|upkeep\n|\n|t:|1788271628\n|switch|p2a: Iron Valiant|Iron Valiant|100/100\n|turn|31\n|\n|t:|1788271632\n|move|p1a: Throat Goat|Thunderclap||[still]\n|-fail|p1a: Throat Goat\n|move|p2a: Iron Valiant|Encore|p1a: Throat Goat\n|-start|p1a: Throat Goat|Encore\n|\n|upkeep\n|turn|32\n|\n|t:|1788271634\n|move|p1a: Throat Goat|Thunderclap|p2a: Iron Valiant\n|-damage|p2a: Iron Valiant|0 fnt\n|faint|p2a: Iron Valiant\n|-end|p2a: Iron Valiant|Quark Drive|[silent]\n|\n|-end|p1a: Throat Goat|Encore\n|upkeep\n|\n|t:|1788271634\n|switch|p2a: Ogerpon|Ogerpon-Wellspring-Tera, F, tera:Water|96/100\n|-ability|p2a: Ogerpon|Embody Aspect (Wellspring)|boost\n|-boost|p2a: Ogerpon|spd|1\n|turn|33\n|\n|t:|1788271638\n|move|p2a: Ogerpon|Horn Leech|p1a: Throat Goat\n|-damage|p1a: Throat Goat|0 fnt\n|-heal|p2a: Ogerpon|100/100|[from] drain|[of] p1a: Throat Goat\n|faint|p1a: Throat Goat\n|-end|p1a: Throat Goat|Protosynthesis|[silent]\n|\n|win|kangarooteam1\n|raw|Agent Zyn7's rating: 1695 &rarr; <strong>1673</strong><br />(-22 for losing)\n|raw|kangarooteam1's rating: 1662 &rarr; <strong>1684</strong><br />(+22 for winning)\n|l|\u2606kangarooteam1\n|player|p2|\n|l|\u2606Agent Zyn7\n|player|p1|\n|l| Slashutu\n", "uploadtime": 1788271639, "views": "0", "formatid": "gen9ou", "rating": 1673, "private": 0, "password": null}