{"id": "gen9ou-2673978306", "format": "[Gen 9] OU", "players": ["goodnightnite", "Rj yoip"], "log": "|j|\u2606goodnightnite\n|j|\u2606Rj yoip\n|t:|1788284147\n|gametype|singles\n|player|p1|goodnightnite|miku-water|1654\n|player|p2|Rj yoip|caitlin-masters|1765\n|gen|9\n|tier|[Gen 9] OU\n|rated|\n|rule|HP Percentage Mod: HP is shown in percentages\n|rule|Endless Battle Clause: Forcing endless battles is banned\n|rule|Species Clause: Limit one of each Pok\u00e9mon\n|rule|OHKO Clause: OHKO moves are banned\n|rule|Evasion Items Clause: Evasion items are banned\n|rule|Evasion Moves Clause: Evasion moves are banned\n|rule|Evasion Abilities Clause: Evasion abilities are banned\n|rule|Sleep Moves Clause: Sleep-inducing moves are banned\n|clearpoke\n|poke|p1|Dragonite, F|\n|poke|p1|Samurott-Hisui, F|\n|poke|p1|Gholdengo|\n|poke|p1|Pecharunt|\n|poke|p1|Walking Wake|\n|poke|p1|Ting-Lu|\n|poke|p2|Rillaboom, M|\n|poke|p2|Garganacl, F|\n|poke|p2|Zapdos|\n|poke|p2|Gholdengo|\n|poke|p2|Great Tusk|\n|poke|p2|Slowking-Galar, F|\n|teampreview\n|inactive|Battle timer is ON: inactive players will automatically lose when time's up. (requested by goodnightnite)\n|\n|t:|1788284160\n|teamsize|p1|6\n|teamsize|p2|6\n|start\n|switch|p1a: Samurott|Samurott-Hisui, F|100/100\n|switch|p2a: Rillaboom|Rillaboom, M|100/100\n|-fieldstart|move: Grassy Terrain|[from] ability: Grassy Surge|[of] p2a: Rillaboom\n|turn|1\n|\n|t:|1788284167\n|switch|p1a: Pecharunt|Pecharunt|100/100\n|move|p2a: Rillaboom|Knock Off|p1a: Pecharunt\n|-supereffective|p1a: Pecharunt\n|-damage|p1a: Pecharunt|36/100\n|-enditem|p1a: Pecharunt|Heavy-Duty Boots|[from] move: Knock Off|[of] p2a: Rillaboom\n|\n|-heal|p1a: Pecharunt|42/100|[from] Grassy Terrain\n|upkeep\n|turn|2\n|\n|t:|1788284172\n|move|p1a: Pecharunt|Recover|p1a: Pecharunt\n|-heal|p1a: Pecharunt|92/100\n|move|p2a: Rillaboom|Knock Off|p1a: Pecharunt\n|-supereffective|p1a: Pecharunt\n|-damage|p1a: Pecharunt|48/100\n|\n|-heal|p1a: Pecharunt|54/100|[from] Grassy Terrain\n|upkeep\n|turn|3\n|\n|t:|1788284176\n|switch|p2a: Gholdengo|Gholdengo|100/100\n|move|p1a: Pecharunt|Recover|p1a: Pecharunt\n|-heal|p1a: Pecharunt|100/100\n|\n|upkeep\n|turn|4\n|\n|t:|1788284181\n|switch|p1a: Ting-Lu|Ting-Lu|100/100\n|-ability|p1a: Ting-Lu|Vessel of Ruin\n|move|p2a: Gholdengo|Trick|p1a: Ting-Lu\n|-activate|p2a: Gholdengo|move: Trick|[of] p1a: Ting-Lu\n|-item|p1a: Ting-Lu|Choice Scarf|[from] move: Trick\n|-item|p2a: Gholdengo|Leftovers|[from] move: Trick\n|\n|upkeep\n|turn|5\n|\n|t:|1788284187\n|move|p2a: Gholdengo|Nasty Plot|p2a: Gholdengo\n|-boost|p2a: Gholdengo|spa|2\n|move|p1a: Ting-Lu|Stealth Rock|p2a: Gholdengo\n|-sidestart|p2: Rj yoip|move: Stealth Rock\n|\n|-fieldend|move: Grassy Terrain\n|upkeep\n|turn|6\n|\n|t:|1788284190\n|switch|p1a: Samurott|Samurott-Hisui, F|100/100\n|move|p2a: Gholdengo|Shadow Ball|p1a: Samurott\n|-resisted|p1a: Samurott\n|-damage|p1a: Samurott|71/100\n|\n|upkeep\n|turn|7\n|\n|t:|1788284196\n|switch|p2a: Great Tusk|Great Tusk|100/100\n|move|p1a: Samurott|Ceaseless Edge|p2a: Great Tusk\n|-resisted|p2a: Great Tusk\n|-damage|p2a: Great Tusk|87/100\n|-sidestart|p2: Rj yoip|Spikes\n|\n|upkeep\n|turn|8\n|\n|t:|1788284199\n|move|p2a: Great Tusk|Stealth Rock|p1a: Samurott\n|-sidestart|p1: goodnightnite|move: Stealth Rock\n|move|p1a: Samurott|Flip Turn|p2a: Great Tusk\n|-supereffective|p2a: Great Tusk\n|-damage|p2a: Great Tusk|49/100\n|\n|t:|1788284202\n|switch|p1a: Walking Wake|Walking Wake|100/100|[from] Flip Turn\n|\n|upkeep\n|turn|9\n|\n|t:|1788284205\n|-end|p2a: Great Tusk|Protosynthesis|[silent]\n|switch|p2a: Slowking|Slowking-Galar, F|100/100\n|-damage|p2a: Slowking|88/100|[from] Stealth Rock\n|-damage|p2a: Slowking|76/100|[from] Spikes\n|move|p1a: Walking Wake|Knock Off|p2a: Slowking\n|-supereffective|p2a: Slowking\n|-damage|p2a: Slowking|39/100\n|-enditem|p2a: Slowking|Assault Vest|[from] move: Knock Off|[of] p1a: Walking Wake\n|\n|upkeep\n|turn|10\n|\n|t:|1788284207\n|move|p1a: Walking Wake|Draco Meteor|p2a: Slowking\n|-damage|p2a: Slowking|0 fnt\n|-unboost|p1a: Walking Wake|spa|2\n|faint|p2a: Slowking\n|\n|upkeep\n|\n|t:|1788284211\n|switch|p2a: Gholdengo|Gholdengo|100/100\n|-damage|p2a: Gholdengo|94/100|[from] Stealth Rock\n|-damage|p2a: Gholdengo|82/100|[from] Spikes\n|turn|11\n|\n|t:|1788284217\n|move|p1a: Walking Wake|Flip Turn|p2a: Gholdengo\n|-damage|p2a: Gholdengo|64/100\n|\n|t:|1788284218\n|-end|p1a: Walking Wake|Protosynthesis|[silent]\n|switch|p1a: Samurott|Samurott-Hisui, F|71/100|[from] Flip Turn\n|-damage|p1a: Samurott|59/100|[from] Stealth Rock\n|move|p2a: Gholdengo|Shadow Ball|p1a: Samurott\n|-resisted|p1a: Samurott\n|-damage|p1a: Samurott|46/100\n|-unboost|p1a: Samurott|spd|1\n|\n|-heal|p2a: Gholdengo|70/100|[from] item: Leftovers\n|upkeep\n|turn|12\n|\n|t:|1788284221\n|move|p2a: Gholdengo|Make It Rain|p1a: Samurott\n|-resisted|p1a: Samurott\n|-damage|p1a: Samurott|16/100\n|-unboost|p2a: Gholdengo|spa|1\n|move|p1a: Samurott|Ceaseless Edge|p2a: Gholdengo\n|-supereffective|p2a: Gholdengo\n|-damage|p2a: Gholdengo|0 fnt\n|-sidestart|p2: Rj yoip|Spikes\n|faint|p2a: Gholdengo\n|\n|upkeep\n|\n|t:|1788284223\n|switch|p2a: Great Tusk|Great Tusk|49/100\n|turn|13\n|\n|t:|1788284227\n|switch|p1a: Gholdengo|Gholdengo|100/100\n|-damage|p1a: Gholdengo|94/100|[from] Stealth Rock\n|move|p2a: Great Tusk|Headlong Rush|p1a: Gholdengo\n|-supereffective|p1a: Gholdengo\n|-damage|p1a: Gholdengo|0 fnt\n|-unboost|p2a: Great Tusk|def|1\n|-unboost|p2a: Great Tusk|spd|1\n|faint|p1a: Gholdengo\n|\n|upkeep\n|\n|t:|1788284230\n|switch|p1a: Walking Wake|Walking Wake|100/100\n|turn|14\n|\n|t:|1788284233\n|move|p1a: Walking Wake|Surf|p2a: Great Tusk\n|-supereffective|p2a: Great Tusk\n|-damage|p2a: Great Tusk|0 fnt\n|faint|p2a: Great Tusk\n|-end|p2a: Great Tusk|Protosynthesis|[silent]\n|\n|upkeep\n|\n|t:|1788284234\n|switch|p2a: Zapdos|Zapdos|100/100\n|-damage|p2a: Zapdos|75/100|[from] Stealth Rock\n|turn|15\n|\n|t:|1788284236\n|move|p1a: Walking Wake|Draco Meteor|p2a: Zapdos\n|-damage|p2a: Zapdos|13/100\n|-unboost|p1a: Walking Wake|spa|2\n|move|p2a: Zapdos|Thunder Wave|p1a: Walking Wake|[miss]\n|-miss|p2a: Zapdos|p1a: Walking Wake\n|\n|upkeep\n|turn|16\n|\n|t:|1788284239\n|move|p1a: Walking Wake|Surf|p2a: Zapdos\n|-damage|p2a: Zapdos|0 fnt\n|faint|p2a: Zapdos\n|\n|upkeep\n|\n|t:|1788284240\n|switch|p2a: Rillaboom|Rillaboom, M|100/100\n|-damage|p2a: Rillaboom|88/100|[from] Stealth Rock\n|-damage|p2a: Rillaboom|72/100|[from] Spikes\n|-fieldstart|move: Grassy Terrain|[from] ability: Grassy Surge|[of] p2a: Rillaboom\n|turn|17\n|\n|t:|1788284243\n|move|p1a: Walking Wake|Knock Off|p2a: Rillaboom\n|-damage|p2a: Rillaboom|52/100\n|-enditem|p2a: Rillaboom|Choice Band|[from] move: Knock Off|[of] p1a: Walking Wake\n|move|p2a: Rillaboom|Wood Hammer|p1a: Walking Wake\n|-damage|p1a: Walking Wake|6/100\n|-damage|p2a: Rillaboom|21/100|[from] Recoil\n|\n|-heal|p1a: Walking Wake|12/100|[from] Grassy Terrain\n|-heal|p2a: Rillaboom|27/100|[from] Grassy Terrain\n|upkeep\n|turn|18\n|\n|t:|1788284248\n|move|p1a: Walking Wake|Draco Meteor|p2a: Rillaboom\n|-damage|p2a: Rillaboom|0 fnt\n|-unboost|p1a: Walking Wake|spa|2\n|faint|p2a: Rillaboom\n|\n|-heal|p1a: Walking Wake|18/100|[from] Grassy Terrain\n|upkeep\n|\n|t:|1788284249\n|switch|p2a: Garganacl|Garganacl, F|100/100\n|-damage|p2a: Garganacl|88/100|[from] Stealth Rock\n|-damage|p2a: Garganacl|72/100|[from] Spikes\n|turn|19\n|\n|t:|1788284253\n|move|p1a: Walking Wake|Knock Off|p2a: Garganacl\n|-damage|p2a: Garganacl|60/100\n|-enditem|p2a: Garganacl|Leftovers|[from] move: Knock Off|[of] p1a: Walking Wake\n|move|p2a: Garganacl|Curse|p2a: Garganacl\n|-unboost|p2a: Garganacl|spe|1\n|-boost|p2a: Garganacl|atk|1\n|-boost|p2a: Garganacl|def|1\n|\n|-heal|p1a: Walking Wake|24/100|[from] Grassy Terrain\n|-heal|p2a: Garganacl|67/100|[from] Grassy Terrain\n|upkeep\n|turn|20\n|\n|t:|1788284255\n|move|p1a: Walking Wake|Flip Turn|p2a: Garganacl\n|-supereffective|p2a: Garganacl\n|-damage|p2a: Garganacl|53/100\n|\n|t:|1788284258\n|-end|p1a: Walking Wake|Protosynthesis|[silent]\n|switch|p1a: Samurott|Samurott-Hisui, F|16/100|[from] Flip Turn\n|-damage|p1a: Samurott|3/100|[from] Stealth Rock\n|move|p2a: Garganacl|Curse|p2a: Garganacl\n|-unboost|p2a: Garganacl|spe|1\n|-boost|p2a: Garganacl|atk|1\n|-boost|p2a: Garganacl|def|1\n|\n|-heal|p1a: Samurott|9/100|[from] Grassy Terrain\n|-heal|p2a: Garganacl|59/100|[from] Grassy Terrain\n|upkeep\n|turn|21\n|\n|t:|1788284263\n|move|p2a: Garganacl|Protect|p2a: Garganacl\n|-singleturn|p2a: Garganacl|Protect\n|move|p1a: Samurott|Flip Turn|p2a: Garganacl\n|-activate|p2a: Garganacl|move: Protect\n|\n|-heal|p1a: Samurott|15/100|[from] Grassy Terrain\n|-heal|p2a: Garganacl|66/100|[from] Grassy Terrain\n|-fieldend|move: Grassy Terrain\n|upkeep\n|turn|22\n|\n|t:|1788284266\n|-terastallize|p2a: Garganacl|Water\n|move|p1a: Samurott|Flip Turn|p2a: Garganacl\n|-resisted|p2a: Garganacl\n|-damage|p2a: Garganacl|61/100\n|\n|t:|1788284269\n|switch|p1a: Pecharunt|Pecharunt|100/100|[from] Flip Turn\n|-damage|p1a: Pecharunt|88/100|[from] Stealth Rock\n|move|p2a: Garganacl|Recover|p2a: Garganacl\n|-heal|p2a: Garganacl|100/100\n|\n|upkeep\n|turn|23\n|\n|t:|1788284272\n|move|p1a: Pecharunt|Nasty Plot|p1a: Pecharunt\n|-boost|p1a: Pecharunt|spa|2\n|move|p2a: Garganacl|Curse|p2a: Garganacl\n|-unboost|p2a: Garganacl|spe|1\n|-boost|p2a: Garganacl|atk|1\n|-boost|p2a: Garganacl|def|1\n|\n|upkeep\n|turn|24\n|\n|t:|1788284274\n|move|p1a: Pecharunt|Nasty Plot|p1a: Pecharunt\n|-boost|p1a: Pecharunt|spa|2\n|move|p2a: Garganacl|Salt Cure|p1a: Pecharunt\n|-damage|p1a: Pecharunt|69/100\n|-start|p1a: Pecharunt|Salt Cure\n|\n|-damage|p1a: Pecharunt|56/100|[from] Salt Cure\n|upkeep\n|turn|25\n|\n|t:|1788284275\n|move|p1a: Pecharunt|Malignant Chain|p2a: Garganacl\n|-damage|p2a: Garganacl|35/100\n|move|p2a: Garganacl|Salt Cure|p1a: Pecharunt\n|-damage|p1a: Pecharunt|36/100\n|\n|-damage|p1a: Pecharunt|24/100|[from] Salt Cure\n|upkeep\n|turn|26\n|\n|t:|1788284279\n|move|p1a: Pecharunt|Malignant Chain|p2a: Garganacl\n|-damage|p2a: Garganacl|0 fnt\n|faint|p2a: Garganacl\n|\n|win|goodnightnite\n|raw|goodnightnite's rating: 1654 &rarr; <strong>1680</strong><br />(+26 for winning)\n|raw|Rj yoip's rating: 1765 &rarr; <strong>1739</strong><br />(-26 for losing)\n|l|\u2606Rj yoip\n|player|p2|\n|l|\u2606goodnightnite\n|player|p1|\n", "uploadtime": 1788284525, "views": "1", "formatid": "gen9ou", "rating": 1680, "private": 0, "password": null}