{"id": "gen9ou-2673873732", "format": "[Gen 9] OU", "players": ["Carbonnate", "l3asses"], "log": "|j|\u2606Carbonnate\n|j|\u2606l3asses\n|t:|1788271545\n|gametype|singles\n|player|p1|Carbonnate|cilan|1373\n|player|p2|l3asses|102|1455\n|gen|9\n|tier|[Gen 9] OU\n|rated|\n|rule|HP Percentage Mod: HP is shown in percentages\n|rule|Endless Battle Clause: Forcing endless battles is banned\n|rule|Species Clause: Limit one of each Pok\u00e9mon\n|rule|OHKO Clause: OHKO moves are banned\n|rule|Evasion Items Clause: Evasion items are banned\n|rule|Evasion Moves Clause: Evasion moves are banned\n|rule|Evasion Abilities Clause: Evasion abilities are banned\n|rule|Sleep Moves Clause: Sleep-inducing moves are banned\n|clearpoke\n|poke|p1|Tornadus-Therian, M|\n|poke|p1|Great Tusk|\n|poke|p1|Zarude|\n|poke|p1|Darkrai|\n|poke|p1|Basculegion-F, F|\n|poke|p1|Heatran, M|\n|poke|p2|Alomomola, F|\n|poke|p2|Raging Bolt|\n|poke|p2|Dondozo, F|\n|poke|p2|Kingambit, F|\n|poke|p2|Hatterene, F|\n|poke|p2|Mamoswine, M|\n|teampreview\n|\n|t:|1788271551\n|teamsize|p1|6\n|teamsize|p2|6\n|start\n|switch|p1a: Great Tusk|Great Tusk|100/100\n|switch|p2a: Mamoswine|Mamoswine, M|100/100\n|turn|1\n|inactive|Battle timer is ON: inactive players will automatically lose when time's up. (requested by l3asses)\n|\n|t:|1788271560\n|move|p1a: Great Tusk|Stealth Rock|p2a: Mamoswine\n|-sidestart|p2: l3asses|move: Stealth Rock\n|move|p2a: Mamoswine|Icicle Crash|p1a: Great Tusk\n|-supereffective|p1a: Great Tusk\n|-damage|p1a: Great Tusk|48/100\n|-enditem|p1a: Great Tusk|Weakness Policy\n|-boost|p1a: Great Tusk|atk|2|[from] item: Weakness Policy\n|-boost|p1a: Great Tusk|spa|2|[from] item: Weakness Policy\n|\n|upkeep\n|turn|2\n|\n|t:|1788271569\n|move|p1a: Great Tusk|Headlong Rush|p2a: Mamoswine\n|-enditem|p2a: Mamoswine|Focus Sash\n|-damage|p2a: Mamoswine|1/100\n|-unboost|p1a: Great Tusk|def|1\n|-unboost|p1a: Great Tusk|spd|1\n|move|p2a: Mamoswine|Icicle Crash|p1a: Great Tusk\n|-supereffective|p1a: Great Tusk\n|-damage|p1a: Great Tusk|0 fnt\n|faint|p1a: Great Tusk\n|-end|p1a: Great Tusk|Protosynthesis|[silent]\n|\n|upkeep\n|\n|t:|1788271588\n|switch|p1a: Tornadus|Tornadus-Therian, M|100/100\n|turn|3\n|\n|t:|1788271594\n|move|p1a: Tornadus|U-turn|p2a: Mamoswine\n|-damage|p2a: Mamoswine|0 fnt\n|faint|p2a: Mamoswine\n|\n|t:|1788271606\n|switch|p1a: Darkrai|Darkrai|100/100|[from] U-turn\n|\n|upkeep\n|\n|t:|1788271615\n|switch|p2a: Hatterene|Hatterene, F|100/100\n|-damage|p2a: Hatterene|88/100|[from] Stealth Rock\n|turn|4\n|\n|t:|1788271620\n|move|p1a: Darkrai|Sludge Bomb|p2a: Hatterene\n|-supereffective|p2a: Hatterene\n|-damage|p2a: Hatterene|38/100\n|-damage|p1a: Darkrai|91/100|[from] item: Life Orb\n|move|p2a: Hatterene|Nuzzle|p1a: Darkrai\n|-damage|p1a: Darkrai|85/100\n|-status|p1a: Darkrai|par\n|\n|upkeep\n|turn|5\n|\n|t:|1788271629\n|move|p1a: Darkrai|Sludge Bomb|p2a: Hatterene\n|-supereffective|p2a: Hatterene\n|-damage|p2a: Hatterene|0 fnt\n|faint|p2a: Hatterene\n|-damage|p1a: Darkrai|75/100 par|[from] item: Life Orb\n|\n|upkeep\n|\n|t:|1788271635\n|switch|p2a: Raging Bolt|Raging Bolt|100/100\n|-damage|p2a: Raging Bolt|88/100|[from] Stealth Rock\n|-enditem|p2a: Raging Bolt|Booster Energy\n|-activate|p2a: Raging Bolt|ability: Protosynthesis|[fromitem]\n|-start|p2a: Raging Bolt|protosynthesisspa\n|turn|6\n|\n|t:|1788271641\n|move|p2a: Raging Bolt|Calm Mind|p2a: Raging Bolt\n|-boost|p2a: Raging Bolt|spa|1\n|-boost|p2a: Raging Bolt|spd|1\n|move|p1a: Darkrai|Ice Beam|p2a: Raging Bolt\n|-supereffective|p2a: Raging Bolt\n|-damage|p2a: Raging Bolt|32/100\n|-damage|p1a: Darkrai|65/100 par|[from] item: Life Orb\n|\n|upkeep\n|turn|7\n|\n|t:|1788271650\n|move|p2a: Raging Bolt|Thunderbolt|p1a: Darkrai\n|-damage|p1a: Darkrai|0 fnt\n|faint|p1a: Darkrai\n|\n|upkeep\n|\n|t:|1788271655\n|switch|p1a: Heatran|Heatran, M|100/100\n|turn|8\n|\n|t:|1788271660\n|move|p2a: Raging Bolt|Thunderbolt|p1a: Heatran\n|-damage|p1a: Heatran|34/100\n|move|p1a: Heatran|Substitute|p1a: Heatran\n|-start|p1a: Heatran|Substitute\n|-damage|p1a: Heatran|10/100\n|\n|-heal|p1a: Heatran|16/100|[from] item: Leftovers\n|upkeep\n|turn|9\n|\n|t:|1788271667\n|move|p2a: Raging Bolt|Thunderbolt|p1a: Heatran\n|-end|p1a: Heatran|Substitute\n|move|p1a: Heatran|Lava Plume|p2a: Raging Bolt\n|-resisted|p2a: Raging Bolt\n|-damage|p2a: Raging Bolt|20/100\n|\n|-heal|p1a: Heatran|22/100|[from] item: Leftovers\n|upkeep\n|turn|10\n|\n|t:|1788271676\n|move|p2a: Raging Bolt|Thunderbolt|p1a: Heatran\n|-damage|p1a: Heatran|0 fnt\n|faint|p1a: Heatran\n|\n|upkeep\n|\n|t:|1788271687\n|switch|p1a: Tornadus|Tornadus-Therian, M|100/100\n|turn|11\n|\n|t:|1788271693\n|move|p2a: Raging Bolt|Thunderclap||[still]\n|-fail|p2a: Raging Bolt\n|move|p1a: Tornadus|Tailwind|p1a: Tornadus\n|-sidestart|p1: Carbonnate|move: Tailwind\n|\n|upkeep\n|turn|12\n|\n|t:|1788271700\n|move|p1a: Tornadus|U-turn|p2a: Raging Bolt\n|-damage|p2a: Raging Bolt|5/100\n|\n|t:|1788271706\n|switch|p1a: Basculegion|Basculegion-F, F|100/100|[from] U-turn\n|move|p2a: Raging Bolt|Thunderbolt|p1a: Basculegion\n|-supereffective|p1a: Basculegion\n|-damage|p1a: Basculegion|0 fnt\n|faint|p1a: Basculegion\n|\n|upkeep\n|\n|t:|1788271713\n|switch|p1a: Zarude|Zarude|100/100\n|turn|13\n|\n|t:|1788271723\n|move|p2a: Raging Bolt|Thunderclap|p1a: Zarude\n|-resisted|p1a: Zarude\n|-damage|p1a: Zarude|57/100\n|move|p1a: Zarude|Power Whip|p2a: Raging Bolt\n|-resisted|p2a: Raging Bolt\n|-damage|p2a: Raging Bolt|0 fnt\n|faint|p2a: Raging Bolt\n|-end|p2a: Raging Bolt|Protosynthesis|[silent]\n|\n|upkeep\n|\n|t:|1788271730\n|switch|p2a: Dondozo|Dondozo, F|100/100\n|-damage|p2a: Dondozo|88/100|[from] Stealth Rock\n|turn|14\n|\n|t:|1788271736\n|-terastallize|p1a: Zarude|Grass\n|move|p1a: Zarude|Power Whip|p2a: Dondozo\n|-supereffective|p2a: Dondozo\n|-damage|p2a: Dondozo|0 fnt\n|faint|p2a: Dondozo\n|\n|-sideend|p1: Carbonnate|move: Tailwind\n|upkeep\n|\n|t:|1788271743\n|switch|p2a: Kingambit|Kingambit, F|100/100\n|-damage|p2a: Kingambit|94/100|[from] Stealth Rock\n|-activate|p2a: Kingambit|ability: Supreme Overlord\n|-start|p2a: Kingambit|fallen4|[silent]\n|turn|15\n|\n|t:|1788271749\n|switch|p1a: Tornadus|Tornadus-Therian, M|100/100\n|-terastallize|p2a: Kingambit|Ghost\n|move|p2a: Kingambit|Kowtow Cleave|p1a: Tornadus\n|-crit|p1a: Tornadus\n|-damage|p1a: Tornadus|0 fnt\n|faint|p1a: Tornadus\n|\n|-heal|p2a: Kingambit|100/100|[from] item: Leftovers\n|upkeep\n|\n|t:|1788271758\n|switch|p1a: Zarude|Zarude, tera:Grass|57/100\n|turn|16\n|\n|t:|1788271766\n|move|p2a: Kingambit|Sucker Punch|p1a: Zarude\n|-damage|p1a: Zarude|2/100\n|move|p1a: Zarude|Knock Off|p2a: Kingambit\n|-supereffective|p2a: Kingambit\n|-damage|p2a: Kingambit|0 fnt\n|-enditem|p2a: Kingambit|Leftovers|[from] move: Knock Off|[of] p1a: Zarude\n|faint|p2a: Kingambit\n|-end|p2a: Kingambit|fallen4|[silent]\n|\n|upkeep\n|\n|t:|1788271771\n|switch|p2a: Alomomola|Alomomola, F|100/100\n|turn|17\n|\n|t:|1788271776\n|move|p1a: Zarude|Knock Off|p2a: Alomomola\n|-damage|p2a: Alomomola|65/100\n|-enditem|p2a: Alomomola|Heavy-Duty Boots|[from] move: Knock Off|[of] p1a: Zarude\n|move|p2a: Alomomola|Flip Turn|p1a: Zarude\n|-resisted|p1a: Zarude\n|-damage|p1a: Zarude|0 fnt\n|faint|p1a: Zarude\n|\n|win|l3asses\n|raw|Carbonnate's rating: 1373 &rarr; <strong>1358</strong><br />(-15 for losing)\n|raw|l3asses's rating: 1455 &rarr; <strong>1470</strong><br />(+15 for winning)\n|l|\u2606Carbonnate\n|player|p1|\n|l|\u2606l3asses\n|player|p2|\n", "uploadtime": 1788272026, "views": "5", "formatid": "gen9ou", "rating": 1358, "private": 0, "password": null}