{"id": "gen9ou-2674029172", "format": "[Gen 9] OU", "players": ["prakshep", "Thatgenyou"], "log": "|j|\u2606prakshep\n|j|\u2606Thatgenyou\n|t:|1788290107\n|gametype|singles\n|player|p1|prakshep|nate|1387\n|player|p2|Thatgenyou|170|1450\n|gen|9\n|tier|[Gen 9] OU\n|rated|\n|rule|HP Percentage Mod: HP is shown in percentages\n|rule|Endless Battle Clause: Forcing endless battles is banned\n|rule|Species Clause: Limit one of each Pok\u00e9mon\n|rule|OHKO Clause: OHKO moves are banned\n|rule|Evasion Items Clause: Evasion items are banned\n|rule|Evasion Moves Clause: Evasion moves are banned\n|rule|Evasion Abilities Clause: Evasion abilities are banned\n|rule|Sleep Moves Clause: Sleep-inducing moves are banned\n|clearpoke\n|poke|p1|Cinderace, F|\n|poke|p1|Maushold-Four|\n|poke|p1|Polteageist-Antique|\n|poke|p1|Zapdos|\n|poke|p1|Dragonite, F|\n|poke|p1|Kingambit, M|\n|poke|p2|Latios, M|\n|poke|p2|Kyurem|\n|poke|p2|Clefable, M|\n|poke|p2|Scizor, F|\n|poke|p2|Landorus-Therian, M|\n|poke|p2|Kingambit, M|\n|teampreview\n|inactive|Battle timer is ON: inactive players will automatically lose when time's up. (requested by prakshep)\n|inactive|Thatgenyou has 120 seconds left.\n|inactive|Thatgenyou has 90 seconds left.\n|\n|t:|1788290171\n|teamsize|p1|6\n|teamsize|p2|6\n|start\n|switch|p1a: Cinderace|Cinderace, F, shiny|100/100\n|switch|p2a: Landorus|Landorus-Therian, M, shiny|100/100\n|-ability|p2a: Landorus|Intimidate|boost\n|-unboost|p1a: Cinderace|atk|1\n|turn|1\n|\n|t:|1788290185\n|switch|p1a: Zapdos|Zapdos, shiny|100/100\n|move|p2a: Landorus|Rock Slide|p1a: Zapdos\n|-supereffective|p1a: Zapdos\n|-damage|p1a: Zapdos|27/100\n|\n|-heal|p1a: Zapdos|33/100|[from] item: Leftovers\n|upkeep\n|turn|2\n|\n|t:|1788290195\n|move|p2a: Landorus|Rock Slide|p1a: Zapdos|[miss]\n|-miss|p2a: Landorus|p1a: Zapdos\n|move|p1a: Zapdos|Hurricane|p2a: Landorus\n|-damage|p2a: Landorus|16/100\n|\n|-heal|p1a: Zapdos|40/100|[from] item: Leftovers\n|upkeep\n|turn|3\n|\n|t:|1788290207\n|move|p2a: Landorus|Rock Slide|p1a: Zapdos\n|-supereffective|p1a: Zapdos\n|-damage|p1a: Zapdos|0 fnt\n|faint|p1a: Zapdos\n|\n|upkeep\n|\n|t:|1788290216\n|switch|p1a: Dragonite|Dragonite, F, shiny|100/100\n|turn|4\n|\n|t:|1788290225\n|switch|p2a: Clefable|Clefable, M, shiny|100/100\n|move|p1a: Dragonite|Dragon Dance|p1a: Dragonite\n|-boost|p1a: Dragonite|atk|1\n|-boost|p1a: Dragonite|spe|1\n|\n|upkeep\n|turn|5\n|\n|t:|1788290238\n|move|p1a: Dragonite|Dragon Dance|p1a: Dragonite\n|-boost|p1a: Dragonite|atk|1\n|-boost|p1a: Dragonite|spe|1\n|move|p2a: Clefable|Encore|p1a: Dragonite\n|-start|p1a: Dragonite|Encore\n|\n|upkeep\n|turn|6\n|\n|t:|1788290244\n|switch|p1a: Cinderace|Cinderace, F, shiny|100/100\n|move|p2a: Clefable|Moonblast|p1a: Cinderace\n|-resisted|p1a: Cinderace\n|-damage|p1a: Cinderace|77/100\n|\n|upkeep\n|turn|7\n|\n|t:|1788290250\n|move|p1a: Cinderace|Pyro Ball|p2a: Clefable\n|-damage|p2a: Clefable|56/100\n|move|p2a: Clefable|Thunder Wave|p1a: Cinderace\n|-status|p1a: Cinderace|par\n|\n|upkeep\n|turn|8\n|inactive|prakshep has 120 seconds left.\n|\n|t:|1788290280\n|switch|p2a: Latios|Latios, M, shiny|100/100\n|move|p1a: Cinderace|Iron Head|p2a: Latios\n|-start|p1a: Cinderace|typechange|Steel|[from] ability: Libero\n|-damage|p2a: Latios|51/100\n|\n|upkeep\n|turn|9\n|inactive|Thatgenyou has 120 seconds left.\n|\n|t:|1788290310\n|move|p2a: Latios|Psychic Noise|p1a: Cinderace\n|-resisted|p1a: Cinderace\n|-damage|p1a: Cinderace|46/100 par\n|-start|p1a: Cinderace|move: Heal Block\n|move|p1a: Cinderace|Iron Head|p2a: Latios\n|-damage|p2a: Latios|0 fnt\n|faint|p2a: Latios\n|\n|upkeep\n|\n|t:|1788290330\n|switch|p2a: Kyurem|Kyurem|100/100\n|-ability|p2a: Kyurem|Pressure\n|turn|10\n|\n|t:|1788290340\n|move|p2a: Kyurem|Earth Power|p1a: Cinderace\n|-supereffective|p1a: Cinderace\n|-damage|p1a: Cinderace|0 fnt\n|faint|p1a: Cinderace\n|\n|upkeep\n|\n|t:|1788290344\n|switch|p1a: Dragonite|Dragonite, F, shiny|100/100\n|turn|11\n|\n|t:|1788290352\n|move|p2a: Kyurem|Icicle Spear|p1a: Dragonite\n|-supereffective|p1a: Dragonite\n|-damage|p1a: Dragonite|67/100\n|-enditem|p1a: Dragonite|Weakness Policy\n|-boost|p1a: Dragonite|atk|2|[from] item: Weakness Policy\n|-boost|p1a: Dragonite|spa|2|[from] item: Weakness Policy\n|-supereffective|p1a: Dragonite\n|-damage|p1a: Dragonite|2/100\n|-supereffective|p1a: Dragonite\n|-damage|p1a: Dragonite|0 fnt\n|faint|p1a: Dragonite\n|-hitcount|p1: Dragonite|3\n|\n|upkeep\n|\n|t:|1788290363\n|switch|p1a: Kingambit|Kingambit, M, shiny|100/100\n|-activate|p1a: Kingambit|ability: Supreme Overlord\n|-start|p1a: Kingambit|fallen3|[silent]\n|turn|12\n|inactive|Thatgenyou has 120 seconds left.\n|\n|t:|1788290376\n|switch|p2a: Clefable|Clefable, M, shiny|56/100\n|-end|p1a: Kingambit|fallen3|[silent]\n|switch|p1a: Polteageist|Polteageist-Antique|100/100\n|\n|upkeep\n|turn|13\n|\n|t:|1788290392\n|move|p1a: Polteageist|Shell Smash|p1a: Polteageist\n|-unboost|p1a: Polteageist|def|1\n|-unboost|p1a: Polteageist|spd|1\n|-boost|p1a: Polteageist|atk|2\n|-boost|p1a: Polteageist|spa|2\n|-boost|p1a: Polteageist|spe|2\n|move|p2a: Clefable|Thunder Wave|p1a: Polteageist\n|-status|p1a: Polteageist|par\n|\n|upkeep\n|turn|14\n|\n|t:|1788290396\n|move|p1a: Polteageist|Shell Smash|p1a: Polteageist\n|-unboost|p1a: Polteageist|def|1\n|-unboost|p1a: Polteageist|spd|1\n|-boost|p1a: Polteageist|atk|2\n|-boost|p1a: Polteageist|spa|2\n|-boost|p1a: Polteageist|spe|2\n|move|p2a: Clefable|Encore|p1a: Polteageist\n|-start|p1a: Polteageist|Encore\n|\n|upkeep\n|turn|15\n|\n|t:|1788290400\n|move|p1a: Polteageist|Shell Smash|p1a: Polteageist\n|-unboost|p1a: Polteageist|def|1\n|-unboost|p1a: Polteageist|spd|1\n|-boost|p1a: Polteageist|atk|2\n|-boost|p1a: Polteageist|spa|2\n|-boost|p1a: Polteageist|spe|2\n|move|p2a: Clefable|Moonblast|p1a: Polteageist\n|-damage|p1a: Polteageist|15/100 par\n|\n|upkeep\n|turn|16\n|\n|t:|1788290403\n|cant|p1a: Polteageist|par\n|move|p2a: Clefable|Moonblast|p1a: Polteageist\n|-damage|p1a: Polteageist|0 fnt\n|faint|p1a: Polteageist\n|\n|upkeep\n|\n|t:|1788290417\n|switch|p1a: Kingambit|Kingambit, M, shiny|100/100\n|-activate|p1a: Kingambit|ability: Supreme Overlord\n|-start|p1a: Kingambit|fallen4|[silent]\n|turn|17\n|\n|t:|1788290432\n|move|p2a: Clefable|Thunder Wave|p1a: Kingambit\n|-status|p1a: Kingambit|par\n|move|p1a: Kingambit|Iron Head|p2a: Clefable\n|-supereffective|p2a: Clefable\n|-damage|p2a: Clefable|0 fnt\n|-damage|p1a: Kingambit|84/100 par|[from] item: Rocky Helmet|[of] p2a: Clefable\n|faint|p2a: Clefable\n|\n|-heal|p1a: Kingambit|90/100 par|[from] item: Leftovers\n|upkeep\n|l|\u2606prakshep\n|inactive|prakshep disconnected and has a minute to reconnect!\n|player|p1|\n|\n|t:|1788290444\n|switch|p2a: Kingambit|Kingambit, M, shiny|100/100\n|-activate|p2a: Kingambit|ability: Supreme Overlord\n|-start|p2a: Kingambit|fallen2|[silent]\n|turn|18\n|inactive|Thatgenyou has 120 seconds left.\n|inactive|prakshep has 30 seconds to reconnect!\n|inactive|prakshep has 20 seconds to reconnect!\n|inactive|prakshep has 15 seconds to reconnect!\n|inactive|prakshep has 10 seconds to reconnect!\n|inactive|prakshep has 5 seconds to reconnect!\n|-message|prakshep lost due to inactivity.\n|\n|win|Thatgenyou\n|raw|prakshep's rating: 1406 &rarr; <strong>1389</strong><br />(-17 for losing)\n|raw|Thatgenyou's rating: 1450 &rarr; <strong>1467</strong><br />(+17 for winning)\n", "uploadtime": 1788290513, "views": "0", "formatid": "gen9ou", "rating": 1389, "private": 0, "password": null}