{"id": "gen9ou-2673886567", "format": "[Gen 9] OU", "players": ["Funny and Fertile", "theboard333"], "log": "|j|\u2606Funny and Fertile\n|j|\u2606theboard333\n|t:|1788273141\n|gametype|singles\n|player|p1|Funny and Fertile|marnie-masters4|1428\n|player|p2|theboard333|266|1404\n|gen|9\n|tier|[Gen 9] OU\n|rated|\n|rule|HP Percentage Mod: HP is shown in percentages\n|rule|Endless Battle Clause: Forcing endless battles is banned\n|rule|Species Clause: Limit one of each Pok\u00e9mon\n|rule|OHKO Clause: OHKO moves are banned\n|rule|Evasion Items Clause: Evasion items are banned\n|rule|Evasion Moves Clause: Evasion moves are banned\n|rule|Evasion Abilities Clause: Evasion abilities are banned\n|rule|Sleep Moves Clause: Sleep-inducing moves are banned\n|clearpoke\n|poke|p1|Tinkaton, F|\n|poke|p1|Ogerpon, F|\n|poke|p1|Great Tusk|\n|poke|p1|Pecharunt|\n|poke|p1|Alomomola, M|\n|poke|p1|Hydreigon, M|\n|poke|p2|Glimmora, F|\n|poke|p2|Ting-Lu|\n|poke|p2|Primarina, F|\n|poke|p2|Gholdengo|\n|poke|p2|Ogerpon-Wellspring, F|\n|poke|p2|Hoopa-Unbound|\n|teampreview\n|inactive|Battle timer is ON: inactive players will automatically lose when time's up. (requested by Funny and Fertile)\n|\n|t:|1788273157\n|teamsize|p1|6\n|teamsize|p2|6\n|start\n|switch|p1a: Smile.exe|Tinkaton, F, shiny|100/100\n|switch|p2a: Glimmora|Glimmora, F|100/100\n|-item|p1a: Smile.exe|Air Balloon\n|turn|1\n|\n|t:|1788273165\n|move|p1a: Smile.exe|Stealth Rock|p2a: Glimmora\n|-sidestart|p2: theboard333|move: Stealth Rock\n|move|p2a: Glimmora|Stealth Rock|p1a: Smile.exe\n|-sidestart|p1: Funny and Fertile|move: Stealth Rock\n|\n|upkeep\n|turn|2\n|\n|t:|1788273168\n|move|p1a: Smile.exe|Gigaton Hammer|p2a: Glimmora\n|-supereffective|p2a: Glimmora\n|-damage|p2a: Glimmora|12/100\n|-activate|p2a: Glimmora|ability: Toxic Debris\n|-sidestart|p1: Funny and Fertile|move: Toxic Spikes\n|-enditem|p2a: Glimmora|Red Card|[of] p1a: Smile.exe\n|drag|p1a: Hybrid|Hydreigon, M, shiny|100/100\n|-damage|p1a: Hybrid|88/100|[from] Stealth Rock\n|move|p2a: Glimmora|Power Gem|p1a: Hybrid\n|-damage|p1a: Hybrid|49/100\n|\n|upkeep\n|turn|3\n|\n|t:|1788273184\n|move|p1a: Hybrid|Dark Pulse|p2a: Glimmora\n|-damage|p2a: Glimmora|0 fnt\n|faint|p2a: Glimmora\n|\n|upkeep\n|\n|t:|1788273193\n|switch|p2a: Primarina|Primarina, F|100/100\n|-damage|p2a: Primarina|88/100|[from] Stealth Rock\n|turn|4\n|\n|t:|1788273197\n|switch|p1a: Overseer|Pecharunt|100/100\n|-damage|p1a: Overseer|88/100|[from] Stealth Rock\n|-sideend|p1: Funny and Fertile|move: Toxic Spikes|[of] p1a: Overseer\n|move|p2a: Primarina|Moonblast|p1a: Overseer\n|-resisted|p1a: Overseer\n|-damage|p1a: Overseer|67/100\n|\n|upkeep\n|turn|5\n|\n|t:|1788273209\n|switch|p1a: Pisces|Alomomola, M, shiny|100/100\n|-damage|p1a: Pisces|88/100|[from] Stealth Rock\n|switch|p2a: Gholdengo|Gholdengo|100/100\n|-damage|p2a: Gholdengo|94/100|[from] Stealth Rock\n|-item|p2a: Gholdengo|Air Balloon\n|\n|upkeep\n|turn|6\n|\n|t:|1788273215\n|move|p2a: Gholdengo|Nasty Plot|p2a: Gholdengo\n|-boost|p2a: Gholdengo|spa|2\n|move|p1a: Pisces|Flip Turn|p2a: Gholdengo\n|-damage|p2a: Gholdengo|75/100\n|-enditem|p2a: Gholdengo|Air Balloon\n|\n|t:|1788273217\n|switch|p1a: Hybrid|Hydreigon, M, shiny|49/100|[from] Flip Turn\n|-damage|p1a: Hybrid|37/100|[from] Stealth Rock\n|\n|upkeep\n|turn|7\n|\n|t:|1788273222\n|-terastallize|p2a: Gholdengo|Fairy\n|move|p1a: Hybrid|Dark Pulse|p2a: Gholdengo\n|-resisted|p2a: Gholdengo\n|-damage|p2a: Gholdengo|37/100\n|move|p2a: Gholdengo|Make It Rain|p1a: Hybrid\n|-damage|p1a: Hybrid|0 fnt\n|-unboost|p2a: Gholdengo|spa|1\n|faint|p1a: Hybrid\n|\n|upkeep\n|\n|t:|1788273226\n|switch|p1a: Behemoth|Great Tusk, shiny|100/100\n|turn|8\n|\n|t:|1788273230\n|move|p1a: Behemoth|Headlong Rush|p2a: Gholdengo\n|-damage|p2a: Gholdengo|0 fnt\n|-unboost|p1a: Behemoth|def|1\n|-unboost|p1a: Behemoth|spd|1\n|faint|p2a: Gholdengo\n|\n|upkeep\n|\n|t:|1788273233\n|switch|p2a: Ogerpon|Ogerpon-Wellspring, F|100/100\n|-damage|p2a: Ogerpon|88/100|[from] Stealth Rock\n|turn|9\n|\n|t:|1788273237\n|-end|p1a: Behemoth|Protosynthesis|[silent]\n|switch|p1a: Overseer|Pecharunt|67/100\n|-damage|p1a: Overseer|55/100|[from] Stealth Rock\n|move|p2a: Ogerpon|Ivy Cudgel|p1a: Overseer|[anim] Ivy Cudgel Water\n|-damage|p1a: Overseer|28/100\n|\n|upkeep\n|turn|10\n|\n|t:|1788273241\n|move|p2a: Ogerpon|Knock Off|p1a: Overseer\n|-supereffective|p1a: Overseer\n|-damage|p1a: Overseer|0 fnt\n|-damage|p2a: Ogerpon|72/100|[from] item: Rocky Helmet|[of] p1a: Overseer\n|-enditem|p1a: Overseer|Rocky Helmet|[from] move: Knock Off|[of] p2a: Ogerpon\n|faint|p1a: Overseer\n|\n|upkeep\n|\n|t:|1788273244\n|switch|p1a: Anonymous|Ogerpon, F|100/100\n|-damage|p1a: Anonymous|88/100|[from] Stealth Rock\n|turn|11\n|\n|t:|1788273248\n|move|p1a: Anonymous|U-turn|p2a: Ogerpon\n|-supereffective|p2a: Ogerpon\n|-damage|p2a: Ogerpon|0 fnt\n|faint|p2a: Ogerpon\n|\n|t:|1788273252\n|switch|p1a: Smile.exe|Tinkaton, F, shiny|100/100|[from] U-turn\n|-damage|p1a: Smile.exe|94/100|[from] Stealth Rock\n|-item|p1a: Smile.exe|Air Balloon\n|\n|upkeep\n|\n|t:|1788273256\n|switch|p2a: Ting-Lu|Ting-Lu|100/100\n|-damage|p2a: Ting-Lu|94/100|[from] Stealth Rock\n|-ability|p2a: Ting-Lu|Vessel of Ruin\n|turn|12\n|\n|t:|1788273258\n|switch|p1a: Behemoth|Great Tusk, shiny|100/100\n|move|p2a: Ting-Lu|Ruination|p1a: Behemoth\n|-damage|p1a: Behemoth|51/100\n|\n|-heal|p2a: Ting-Lu|100/100|[from] item: Leftovers\n|upkeep\n|turn|13\n|\n|t:|1788273263\n|move|p1a: Behemoth|Rapid Spin|p2a: Ting-Lu\n|-damage|p2a: Ting-Lu|91/100\n|-boost|p1a: Behemoth|spe|1\n|-sideend|p1: Funny and Fertile|Stealth Rock|[from] move: Rapid Spin|[of] p1a: Behemoth\n|move|p2a: Ting-Lu|Earthquake|p1a: Behemoth\n|-damage|p1a: Behemoth|26/100\n|\n|-heal|p2a: Ting-Lu|98/100|[from] item: Leftovers\n|upkeep\n|turn|14\n|\n|t:|1788273267\n|move|p1a: Behemoth|Close Combat|p2a: Ting-Lu\n|-supereffective|p2a: Ting-Lu\n|-damage|p2a: Ting-Lu|32/100\n|-unboost|p1a: Behemoth|def|1\n|-unboost|p1a: Behemoth|spd|1\n|move|p2a: Ting-Lu|Earthquake|p1a: Behemoth\n|-crit|p1a: Behemoth\n|-damage|p1a: Behemoth|0 fnt\n|faint|p1a: Behemoth\n|-end|p1a: Behemoth|Protosynthesis|[silent]\n|\n|-heal|p2a: Ting-Lu|38/100|[from] item: Leftovers\n|upkeep\n|\n|t:|1788273271\n|switch|p1a: Anonymous|Ogerpon, F|88/100\n|turn|15\n|\n|t:|1788273278\n|move|p1a: Anonymous|Ivy Cudgel|p2a: Ting-Lu\n|-supereffective|p2a: Ting-Lu\n|-damage|p2a: Ting-Lu|0 fnt\n|faint|p2a: Ting-Lu\n|\n|upkeep\n|\n|t:|1788273281\n|switch|p2a: Hoopa|Hoopa-Unbound|100/100\n|-damage|p2a: Hoopa|88/100|[from] Stealth Rock\n|turn|16\n|\n|t:|1788273289\n|-terastallize|p1a: Anonymous|Grass\n|detailschange|p1a: Anonymous|Ogerpon-Teal-Tera, F, tera:Grass\n|-ability|p1a: Anonymous|Embody Aspect (Teal)|boost\n|-boost|p1a: Anonymous|spe|1\n|move|p1a: Anonymous|Ivy Cudgel|p2a: Hoopa\n|-damage|p2a: Hoopa|0 fnt\n|faint|p2a: Hoopa\n|\n|upkeep\n|-message|theboard333 forfeited.\n|\n|win|Funny and Fertile\n|raw|Funny and Fertile's rating: 1428 &rarr; <strong>1447</strong><br />(+19 for winning)\n|raw|theboard333's rating: 1404 &rarr; <strong>1385</strong><br />(-19 for losing)\n|l|\u2606theboard333\n|player|p2|\n|l|\u2606Funny and Fertile\n|player|p1|\n", "uploadtime": 1788273520, "views": "1", "formatid": "gen9ou", "rating": 1385, "private": 0, "password": null}