{"id": "gen9ou-2673996642", "format": "[Gen 9] OU", "players": ["PeacefulHalo", "like gold"], "log": "|j|\u2606PeacefulHalo\n|j|\u2606like gold\n|t:|1788286271\n|gametype|singles\n|player|p1|PeacefulHalo|tuber|1483\n|player|p2|like gold|steven|1540\n|gen|9\n|tier|[Gen 9] OU\n|rated|\n|rule|HP Percentage Mod: HP is shown in percentages\n|rule|Endless Battle Clause: Forcing endless battles is banned\n|rule|Species Clause: Limit one of each Pok\u00e9mon\n|rule|OHKO Clause: OHKO moves are banned\n|rule|Evasion Items Clause: Evasion items are banned\n|rule|Evasion Moves Clause: Evasion moves are banned\n|rule|Evasion Abilities Clause: Evasion abilities are banned\n|rule|Sleep Moves Clause: Sleep-inducing moves are banned\n|clearpoke\n|poke|p1|Hoopa-Unbound|\n|poke|p1|Pecharunt|\n|poke|p1|Landorus-Therian, M|\n|poke|p1|Cinderace, M|\n|poke|p1|Alomomola, M|\n|poke|p1|Iron Valiant|\n|poke|p2|Thundurus-Therian, M|\n|poke|p2|Tornadus-Therian, M|\n|poke|p2|Hatterene, F|\n|poke|p2|Great Tusk|\n|poke|p2|Kingambit, F|\n|poke|p2|Arcanine-Hisui, F|\n|teampreview\n|inactive|Battle timer is ON: inactive players will automatically lose when time's up. (requested by PeacefulHalo)\n|c|\u2606PeacefulHalo|glhf\n|\n|t:|1788286301\n|teamsize|p1|6\n|teamsize|p2|6\n|start\n|switch|p1a: Pisces|Alomomola, M|100/100\n|switch|p2a: Hatterene|Hatterene, F|100/100\n|turn|1\n|\n|t:|1788286313\n|move|p1a: Pisces|Flip Turn|p2a: Hatterene\n|-damage|p2a: Hatterene|87/100\n|\n|t:|1788286320\n|switch|p1a: Enten|Landorus-Therian, M|100/100|[from] Flip Turn\n|-ability|p1a: Enten|Intimidate|boost\n|-unboost|p2a: Hatterene|atk|1\n|move|p2a: Hatterene|Nuzzle|p1a: Enten\n|-immune|p1a: Enten\n|\n|-heal|p2a: Hatterene|93/100|[from] item: Leftovers\n|upkeep\n|turn|2\n|\n|t:|1788286343\n|move|p1a: Enten|Earthquake|p2a: Hatterene\n|-damage|p2a: Hatterene|45/100\n|move|p2a: Hatterene|Psychic Noise|p1a: Enten\n|-damage|p1a: Enten|54/100\n|-start|p1a: Enten|move: Heal Block\n|\n|-heal|p2a: Hatterene|51/100|[from] item: Leftovers\n|upkeep\n|turn|3\n|\n|t:|1788286362\n|switch|p2a: Tornadus|Tornadus-Therian, M|100/100\n|move|p1a: Enten|Earthquake|p2a: Tornadus\n|-immune|p2a: Tornadus\n|\n|-end|p1a: Enten|move: Heal Block\n|upkeep\n|turn|4\n|\n|t:|1788286382\n|switch|p1a: Overseer|Pecharunt|100/100\n|move|p2a: Tornadus|Icy Wind|p1a: Overseer\n|-damage|p1a: Overseer|87/100\n|-unboost|p1a: Overseer|spe|1\n|\n|upkeep\n|turn|5\n|inactive|like gold has 120 seconds left.\n|\n|t:|1788286399\n|move|p2a: Tornadus|Knock Off|p1a: Overseer\n|-supereffective|p1a: Overseer\n|-damage|p1a: Overseer|68/100\n|-enditem|p1a: Overseer|Heavy-Duty Boots|[from] move: Knock Off|[of] p2a: Tornadus\n|move|p1a: Overseer|Parting Shot|p2a: Tornadus\n|-unboost|p2a: Tornadus|atk|1\n|-unboost|p2a: Tornadus|spa|1\n|inactive|PeacefulHalo has 120 seconds left.\n|\n|t:|1788286434\n|switch|p1a: Khaos|Hoopa-Unbound|100/100|[from] Parting Shot\n|\n|upkeep\n|turn|6\n|\n|t:|1788286439\n|move|p2a: Tornadus|U-turn|p1a: Khaos\n|-supereffective|p1a: Khaos\n|-damage|p1a: Khaos|32/100\n|\n|t:|1788286444\n|switch|p2a: Great Tusk|Great Tusk|100/100|[from] U-turn\n|move|p1a: Khaos|Drain Punch|p2a: Great Tusk\n|-damage|p2a: Great Tusk|68/100\n|-heal|p1a: Khaos|55/100|[from] drain|[of] p2a: Great Tusk\n|-damage|p1a: Khaos|38/100|[from] item: Rocky Helmet|[of] p2a: Great Tusk\n|\n|upkeep\n|turn|7\n|inactive|PeacefulHalo has 120 seconds left.\n|\n|t:|1788286458\n|switch|p1a: Enten|Landorus-Therian, M|54/100\n|-ability|p1a: Enten|Intimidate|boost\n|-unboost|p2a: Great Tusk|atk|1\n|move|p2a: Great Tusk|Headlong Rush|p1a: Enten\n|-immune|p1a: Enten\n|\n|upkeep\n|turn|8\n|\n|t:|1788286471\n|-end|p2a: Great Tusk|Protosynthesis|[silent]\n|switch|p2a: Hatterene|Hatterene, F|51/100\n|move|p1a: Enten|Grass Knot|p2a: Hatterene\n|-damage|p2a: Hatterene|46/100\n|\n|-heal|p2a: Hatterene|52/100|[from] item: Leftovers\n|upkeep\n|turn|9\n|\n|t:|1788286483\n|switch|p1a: Pisces|Alomomola, M|100/100\n|move|p2a: Hatterene|Nuzzle|p1a: Pisces\n|-supereffective|p1a: Pisces\n|-damage|p1a: Pisces|94/100\n|-status|p1a: Pisces|par\n|\n|-heal|p2a: Hatterene|58/100|[from] item: Leftovers\n|upkeep\n|turn|10\n|\n|t:|1788286487\n|move|p2a: Hatterene|Pain Split|p1a: Pisces\n|-sethp|p1a: Pisces|64/100 par|[from] move: Pain Split|[silent]\n|-sethp|p2a: Hatterene|100/100|[from] move: Pain Split\n|cant|p1a: Pisces|par\n|\n|upkeep\n|turn|11\n|\n|t:|1788286492\n|move|p2a: Hatterene|Psychic Noise|p1a: Pisces\n|-damage|p1a: Pisces|47/100 par\n|-start|p1a: Pisces|move: Heal Block\n|move|p1a: Pisces|Flip Turn|p2a: Hatterene\n|-damage|p2a: Hatterene|87/100\n|\n|t:|1788286510\n|switch|p1a: Khaos|Hoopa-Unbound|38/100|[from] Flip Turn\n|\n|-heal|p2a: Hatterene|93/100|[from] item: Leftovers\n|upkeep\n|turn|12\n|\n|t:|1788286535\n|switch|p2a: Tornadus|Tornadus-Therian, M|100/100\n|-terastallize|p1a: Khaos|Dark\n|move|p1a: Khaos|Knock Off|p2a: Tornadus\n|-damage|p2a: Tornadus|0 fnt\n|-enditem|p2a: Tornadus|Assault Vest|[from] move: Knock Off|[of] p1a: Khaos\n|faint|p2a: Tornadus\n|\n|upkeep\n|c|\u2606PeacefulHalo|crazy switch in\n|inactive|like gold has 120 seconds left.\n|\n|t:|1788286551\n|switch|p2a: Great Tusk|Great Tusk|68/100\n|turn|13\n|c|\u2606PeacefulHalo|fairs tho\n|\n|t:|1788286560\n|switch|p1a: Pisces|Alomomola, M|80/100 par\n|move|p2a: Great Tusk|Headlong Rush|p1a: Pisces\n|-damage|p1a: Pisces|41/100 par\n|-unboost|p2a: Great Tusk|def|1\n|-unboost|p2a: Great Tusk|spd|1\n|\n|upkeep\n|turn|14\n|inactive|like gold has 120 seconds left.\n|\n|t:|1788286598\n|-end|p2a: Great Tusk|Protosynthesis|[silent]\n|switch|p2a: Thundurus|Thundurus-Therian, M|100/100\n|move|p1a: Pisces|Flip Turn|p2a: Thundurus\n|-damage|p2a: Thundurus|77/100\n|\n|t:|1788286619\n|switch|p1a: Calamity|Iron Valiant, shiny|100/100|[from] Flip Turn\n|\n|upkeep\n|turn|15\n|c|\u2606like gold|Torn not that useful here\n|c|\u2606PeacefulHalo|i get it\n|c|\u2606PeacefulHalo|but it is still pretty useful\n|c|\u2606PeacefulHalo|just a\n|inactive|like gold has 90 seconds left.\n|c|\u2606PeacefulHalo|*just as a regen mon\n|c|\u2606like gold|Can't risk psychic on tusk\n|\n|t:|1788286659\n|switch|p2a: Hatterene|Hatterene, F|93/100\n|move|p1a: Calamity|Moonblast|p2a: Hatterene\n|-damage|p2a: Hatterene|15/100\n|\n|-heal|p2a: Hatterene|21/100|[from] item: Leftovers\n|upkeep\n|turn|16\n|c|\u2606PeacefulHalo|fairs\n|\n|t:|1788286667\n|switch|p2a: Arcanine|Arcanine-Hisui, F|100/100\n|move|p1a: Calamity|Moonblast|p2a: Arcanine\n|-resisted|p2a: Arcanine\n|-damage|p2a: Arcanine|60/100\n|\n|upkeep\n|turn|17\n|\n|t:|1788286690\n|-end|p1a: Calamity|Quark Drive|[silent]\n|switch|p1a: Overseer|Pecharunt|68/100\n|move|p2a: Arcanine|Head Smash|p1a: Overseer|[miss]\n|-miss|p2a: Arcanine|p1a: Overseer\n|\n|upkeep\n|turn|18\n|\n|t:|1788286697\n|move|p2a: Arcanine|Head Smash|p1a: Overseer|[miss]\n|-miss|p2a: Arcanine|p1a: Overseer\n|move|p1a: Overseer|Parting Shot|p2a: Arcanine\n|-unboost|p2a: Arcanine|atk|1\n|-unboost|p2a: Arcanine|spa|1\n|c|\u2606PeacefulHalo|oof sorry\n|inactive|PeacefulHalo has 120 seconds left.\n|\n|t:|1788286719\n|switch|p1a: Enten|Landorus-Therian, M|54/100|[from] Parting Shot\n|-ability|p1a: Enten|Intimidate|boost\n|-unboost|p2a: Arcanine|atk|1\n|\n|upkeep\n|turn|19\n|\n|t:|1788286734\n|switch|p2a: Kingambit|Kingambit, F|100/100\n|-activate|p2a: Kingambit|ability: Supreme Overlord\n|-start|p2a: Kingambit|fallen1|[silent]\n|move|p1a: Enten|Earthquake|p2a: Kingambit\n|-supereffective|p2a: Kingambit\n|-damage|p2a: Kingambit|14/100\n|\n|-heal|p2a: Kingambit|20/100|[from] item: Leftovers\n|upkeep\n|turn|20\n|inactive|PeacefulHalo has 120 seconds left.\n|\n|t:|1788286751\n|switch|p1a: Pisces|Alomomola, M|74/100 par\n|-end|p2a: Kingambit|fallen1|[silent]\n|switch|p2a: Hatterene|Hatterene, F|21/100\n|\n|-heal|p2a: Hatterene|27/100|[from] item: Leftovers\n|upkeep\n|turn|21\n|\n|t:|1788286756\n|move|p2a: Hatterene|Pain Split|p1a: Pisces\n|-sethp|p1a: Pisces|45/100 par|[from] move: Pain Split|[silent]\n|-sethp|p2a: Hatterene|76/100|[from] move: Pain Split\n|move|p1a: Pisces|Flip Turn|p2a: Hatterene\n|-damage|p2a: Hatterene|62/100\n|\n|t:|1788286764\n|switch|p1a: Calamity|Iron Valiant, shiny|100/100|[from] Flip Turn\n|\n|-heal|p2a: Hatterene|68/100|[from] item: Leftovers\n|upkeep\n|turn|22\n|\n|t:|1788286782\n|switch|p2a: Kingambit|Kingambit, F|20/100\n|-activate|p2a: Kingambit|ability: Supreme Overlord\n|-start|p2a: Kingambit|fallen1|[silent]\n|move|p1a: Calamity|Shadow Ball|p2a: Kingambit\n|-resisted|p2a: Kingambit\n|-damage|p2a: Kingambit|0 fnt\n|faint|p2a: Kingambit\n|-end|p2a: Kingambit|fallen1|[silent]\n|\n|upkeep\n|\n|t:|1788286783\n|switch|p2a: Arcanine|Arcanine-Hisui, F|60/100\n|turn|23\n|\n|t:|1788286795\n|-end|p1a: Calamity|Quark Drive|[silent]\n|switch|p1a: Overseer|Pecharunt|68/100\n|move|p2a: Arcanine|Flare Blitz|p1a: Overseer\n|-damage|p1a: Overseer|30/100\n|\n|upkeep\n|turn|24\n|\n|t:|1788286803\n|switch|p2a: Thundurus|Thundurus-Therian, M|77/100\n|switch|p1a: Pisces|Alomomola, M|78/100 par\n|\n|upkeep\n|turn|25\n|\n|t:|1788286808\n|move|p2a: Thundurus|Dark Pulse|p1a: Pisces\n|-damage|p1a: Pisces|56/100 par\n|move|p1a: Pisces|Flip Turn|p2a: Thundurus\n|-damage|p2a: Thundurus|51/100\n|\n|t:|1788286838\n|switch|p1a: Liberacy|Cinderace, M, shiny|100/100|[from] Flip Turn\n|\n|upkeep\n|turn|26\n|\n|t:|1788286845\n|switch|p2a: Arcanine|Arcanine-Hisui, F|60/100\n|move|p1a: Liberacy|Pyro Ball|p2a: Arcanine\n|-resisted|p2a: Arcanine\n|-damage|p2a: Arcanine|41/100\n|\n|upkeep\n|turn|27\n|\n|t:|1788286851\n|move|p1a: Liberacy|U-turn|p2a: Arcanine\n|-start|p1a: Liberacy|typechange|Bug|[from] ability: Libero\n|-resisted|p2a: Arcanine\n|-damage|p2a: Arcanine|19/100\n|\n|t:|1788286857\n|switch|p1a: Overseer|Pecharunt|30/100|[from] U-turn\n|move|p2a: Arcanine|Head Smash|p1a: Overseer\n|-damage|p1a: Overseer|0 fnt\n|faint|p1a: Overseer\n|\n|upkeep\n|inactive|PeacefulHalo has 120 seconds left.\n|\n|t:|1788286885\n|switch|p1a: Calamity|Iron Valiant, shiny|100/100\n|turn|28\n|\n|t:|1788286902\n|switch|p2a: Hatterene|Hatterene, F|68/100\n|move|p1a: Calamity|Moonblast|p2a: Hatterene\n|-damage|p2a: Hatterene|0 fnt\n|faint|p2a: Hatterene\n|\n|upkeep\n|\n|t:|1788286904\n|switch|p2a: Arcanine|Arcanine-Hisui, F|19/100\n|turn|29\n|inactive|PeacefulHalo has 120 seconds left.\n|\n|t:|1788286925\n|-end|p1a: Calamity|Quark Drive|[silent]\n|switch|p1a: Pisces|Alomomola, M|89/100 par\n|-terastallize|p2a: Arcanine|Normal\n|move|p2a: Arcanine|Extreme Speed|p1a: Pisces\n|-damage|p1a: Pisces|47/100 par\n|\n|upkeep\n|turn|30\n|\n|t:|1788286932\n|switch|p2a: Thundurus|Thundurus-Therian, M|51/100\n|move|p1a: Pisces|Flip Turn|p2a: Thundurus\n|-crit|p2a: Thundurus\n|-damage|p2a: Thundurus|16/100\n|inactive|PeacefulHalo has 120 seconds left.\n|\n|t:|1788286944\n|switch|p1a: Enten|Landorus-Therian, M|54/100|[from] Flip Turn\n|-ability|p1a: Enten|Intimidate|boost\n|-unboost|p2a: Thundurus|atk|1\n|\n|upkeep\n|turn|31\n|\n|t:|1788286952\n|move|p1a: Enten|U-turn|p2a: Thundurus\n|-resisted|p2a: Thundurus\n|-damage|p2a: Thundurus|0 fnt\n|faint|p2a: Thundurus\n|inactive|PeacefulHalo has 120 seconds left.\n|\n|t:|1788286984\n|switch|p1a: Calamity|Iron Valiant, shiny|100/100|[from] U-turn\n|\n|upkeep\n|\n|t:|1788286988\n|switch|p2a: Arcanine|Arcanine-Hisui, F, tera:Normal|19/100\n|turn|32\n|\n|t:|1788286990\n|move|p2a: Arcanine|Extreme Speed|p1a: Calamity\n|-damage|p1a: Calamity|24/100\n|move|p1a: Calamity|Vacuum Wave|p2a: Arcanine\n|-supereffective|p2a: Arcanine\n|-damage|p2a: Arcanine|0 fnt\n|faint|p2a: Arcanine\n|\n|upkeep\n|\n|t:|1788286994\n|switch|p2a: Great Tusk|Great Tusk|68/100\n|turn|33\n|\n|t:|1788286999\n|move|p1a: Calamity|Vacuum Wave|p2a: Great Tusk\n|-damage|p2a: Great Tusk|26/100\n|move|p2a: Great Tusk|Rapid Spin|p1a: Calamity\n|-damage|p1a: Calamity|5/100\n|-boost|p2a: Great Tusk|spe|1\n|\n|upkeep\n|turn|34\n|\n|t:|1788287005\n|move|p1a: Calamity|Vacuum Wave|p2a: Great Tusk\n|-damage|p2a: Great Tusk|0 fnt\n|faint|p2a: Great Tusk\n|-end|p2a: Great Tusk|Protosynthesis|[silent]\n|\n|win|PeacefulHalo\n|raw|PeacefulHalo's rating: 1483 &rarr; <strong>1506</strong><br />(+23 for winning)\n|raw|like gold's rating: 1540 &rarr; <strong>1517</strong><br />(-23 for losing)\n|l|\u2606like gold\n|player|p2|\n|c|\u2606PeacefulHalo|gg\n|l|\u2606PeacefulHalo\n|player|p1|\n", "uploadtime": 1788287244, "views": "0", "formatid": "gen9ou", "rating": 1506, "private": 0, "password": null}