{"id": "gen9ou-2674051810", "format": "[Gen 9] OU", "players": ["arturohdez", "kangarooteam1"], "log": "|j|\u2606arturohdez\n|j|\u2606kangarooteam1\n|t:|1788292810\n|gametype|singles\n|player|p1|arturohdez|lucas|1700\n|player|p2|kangarooteam1|1|1742\n|gen|9\n|tier|[Gen 9] OU\n|rated|\n|rule|HP Percentage Mod: HP is shown in percentages\n|rule|Endless Battle Clause: Forcing endless battles is banned\n|rule|Species Clause: Limit one of each Pok\u00e9mon\n|rule|OHKO Clause: OHKO moves are banned\n|rule|Evasion Items Clause: Evasion items are banned\n|rule|Evasion Moves Clause: Evasion moves are banned\n|rule|Evasion Abilities Clause: Evasion abilities are banned\n|rule|Sleep Moves Clause: Sleep-inducing moves are banned\n|clearpoke\n|poke|p1|Deoxys-Speed|\n|poke|p1|Samurott-Hisui, M|\n|poke|p1|Kingambit, M|\n|poke|p1|Ceruledge, M|\n|poke|p1|Iron Valiant|\n|poke|p1|Zamazenta-*|\n|poke|p2|Great Tusk|\n|poke|p2|Gholdengo|\n|poke|p2|Raging Bolt|\n|poke|p2|Iron Valiant|\n|poke|p2|Ogerpon-Wellspring, F|\n|poke|p2|Kingambit, F|\n|teampreview\n|inactive|Battle timer is ON: inactive players will automatically lose when time's up. (requested by kangarooteam1)\n|\n|t:|1788292819\n|teamsize|p1|6\n|teamsize|p2|6\n|start\n|switch|p1a: Deoxys|Deoxys-Speed|100/100\n|switch|p2a: Raging Bolt|Raging Bolt|100/100\n|-ability|p1a: Deoxys|Pressure\n|turn|1\n|\n|t:|1788292821\n|move|p1a: Deoxys|Light Screen|p1a: Deoxys\n|-sidestart|p1: arturohdez|move: Light Screen\n|move|p2a: Raging Bolt|Thunderbolt|p1a: Deoxys\n|-damage|p1a: Deoxys|66/100\n|\n|upkeep\n|turn|2\n|\n|t:|1788292824\n|move|p1a: Deoxys|Taunt|p2a: Raging Bolt\n|-start|p2a: Raging Bolt|move: Taunt\n|cant|p2a: Raging Bolt|move: Taunt|Calm Mind\n|\n|upkeep\n|turn|3\n|\n|t:|1788292830\n|move|p1a: Deoxys|Reflect|p1a: Deoxys\n|-sidestart|p1: arturohdez|Reflect\n|move|p2a: Raging Bolt|Thunderbolt|p1a: Deoxys\n|-damage|p1a: Deoxys|34/100\n|\n|upkeep\n|turn|4\n|\n|t:|1788292834\n|switch|p1a: Ceruledge|Ceruledge, M|100/100\n|move|p2a: Raging Bolt|Thunderbolt|p1a: Ceruledge\n|-damage|p1a: Ceruledge|74/100\n|\n|-end|p2a: Raging Bolt|move: Taunt\n|upkeep\n|turn|5\n|\n|t:|1788292839\n|move|p1a: Ceruledge|Poltergeist|p2a: Raging Bolt\n|-activate|p2a: Raging Bolt|move: Poltergeist|Leftovers\n|-damage|p2a: Raging Bolt|44/100\n|move|p2a: Raging Bolt|Thunderbolt|p1a: Ceruledge\n|-damage|p1a: Ceruledge|50/100\n|\n|-heal|p2a: Raging Bolt|50/100|[from] item: Leftovers\n|upkeep\n|turn|6\n|\n|t:|1788292845\n|move|p1a: Ceruledge|Poltergeist|p2a: Raging Bolt\n|-activate|p2a: Raging Bolt|move: Poltergeist|Leftovers\n|-damage|p2a: Raging Bolt|0 fnt\n|faint|p2a: Raging Bolt\n|-end|p2a: Raging Bolt|Protosynthesis|[silent]\n|\n|upkeep\n|\n|t:|1788292846\n|switch|p2a: Great Tusk|Great Tusk|100/100\n|turn|7\n|\n|t:|1788292860\n|switch|p1a: Zamazenta|Zamazenta|100/100\n|-ability|p1a: Zamazenta|Dauntless Shield|boost\n|-boost|p1a: Zamazenta|def|1\n|move|p2a: Great Tusk|Stealth Rock|p1a: Zamazenta\n|-sidestart|p1: arturohdez|move: Stealth Rock\n|\n|upkeep\n|turn|8\n|\n|t:|1788292866\n|move|p1a: Zamazenta|Iron Defense|p1a: Zamazenta\n|-boost|p1a: Zamazenta|def|2\n|move|p2a: Great Tusk|Earthquake|p1a: Zamazenta\n|-crit|p1a: Zamazenta\n|-damage|p1a: Zamazenta|50/100\n|\n|-heal|p1a: Zamazenta|56/100|[from] item: Leftovers\n|-sideend|p1: arturohdez|move: Light Screen\n|upkeep\n|turn|9\n|\n|t:|1788292872\n|-end|p2a: Great Tusk|Protosynthesis|[silent]\n|switch|p2a: Gholdengo|Gholdengo|100/100\n|-item|p2a: Gholdengo|Air Balloon\n|move|p1a: Zamazenta|Crunch|p2a: Gholdengo\n|-supereffective|p2a: Gholdengo\n|-damage|p2a: Gholdengo|41/100\n|-unboost|p2a: Gholdengo|def|1\n|-enditem|p2a: Gholdengo|Air Balloon\n|\n|-heal|p1a: Zamazenta|63/100|[from] item: Leftovers\n|upkeep\n|turn|10\n|\n|t:|1788292875\n|switch|p2a: Iron Valiant|Iron Valiant|100/100\n|-enditem|p2a: Iron Valiant|Booster Energy\n|-activate|p2a: Iron Valiant|ability: Quark Drive|[fromitem]\n|-start|p2a: Iron Valiant|quarkdrivespe\n|move|p1a: Zamazenta|Body Press|p2a: Iron Valiant\n|-resisted|p2a: Iron Valiant\n|-damage|p2a: Iron Valiant|44/100\n|\n|-heal|p1a: Zamazenta|69/100|[from] item: Leftovers\n|-sideend|p1: arturohdez|Reflect\n|upkeep\n|turn|11\n|\n|t:|1788292882\n|-terastallize|p1a: Zamazenta|Electric\n|move|p2a: Iron Valiant|Moonblast|p1a: Zamazenta\n|-damage|p1a: Zamazenta|25/100\n|move|p1a: Zamazenta|Body Press|p2a: Iron Valiant\n|-resisted|p2a: Iron Valiant\n|-damage|p2a: Iron Valiant|0 fnt\n|faint|p2a: Iron Valiant\n|-end|p2a: Iron Valiant|Quark Drive|[silent]\n|\n|-heal|p1a: Zamazenta|32/100|[from] item: Leftovers\n|upkeep\n|\n|t:|1788292883\n|switch|p2a: Great Tusk|Great Tusk|100/100\n|turn|12\n|\n|t:|1788292889\n|move|p1a: Zamazenta|Iron Defense|p1a: Zamazenta\n|-boost|p1a: Zamazenta|def|2\n|move|p2a: Great Tusk|Earthquake|p1a: Zamazenta\n|-supereffective|p1a: Zamazenta\n|-damage|p1a: Zamazenta|11/100\n|\n|-heal|p1a: Zamazenta|17/100|[from] item: Leftovers\n|upkeep\n|turn|13\n|\n|t:|1788292895\n|move|p1a: Zamazenta|Body Press|p2a: Great Tusk\n|-damage|p2a: Great Tusk|35/100\n|move|p2a: Great Tusk|Earthquake|p1a: Zamazenta\n|-supereffective|p1a: Zamazenta\n|-damage|p1a: Zamazenta|0 fnt\n|faint|p1a: Zamazenta\n|\n|-heal|p2a: Great Tusk|41/100|[from] item: Leftovers\n|upkeep\n|\n|t:|1788292907\n|switch|p1a: Deoxys|Deoxys-Speed|34/100\n|-damage|p1a: Deoxys|22/100|[from] Stealth Rock\n|-ability|p1a: Deoxys|Pressure\n|turn|14\n|\n|t:|1788292909\n|-end|p2a: Great Tusk|Protosynthesis|[silent]\n|switch|p2a: Kingambit|Kingambit, F|100/100\n|-activate|p2a: Kingambit|ability: Supreme Overlord\n|-start|p2a: Kingambit|fallen2|[silent]\n|move|p1a: Deoxys|Reflect|p1a: Deoxys\n|-sidestart|p1: arturohdez|Reflect\n|\n|upkeep\n|turn|15\n|\n|t:|1788292912\n|move|p1a: Deoxys|Taunt|p2a: Kingambit\n|-start|p2a: Kingambit|move: Taunt\n|cant|p2a: Kingambit|move: Taunt|Swords Dance\n|\n|upkeep\n|turn|16\n|\n|t:|1788292917\n|-end|p2a: Kingambit|fallen2|[silent]\n|switch|p2a: Great Tusk|Great Tusk|41/100\n|move|p1a: Deoxys|Light Screen|p1a: Deoxys\n|-sidestart|p1: arturohdez|move: Light Screen\n|\n|-heal|p2a: Great Tusk|47/100|[from] item: Leftovers\n|upkeep\n|turn|17\n|\n|t:|1788292922\n|-end|p2a: Great Tusk|Protosynthesis|[silent]\n|switch|p2a: Kingambit|Kingambit, F|100/100\n|-activate|p2a: Kingambit|ability: Supreme Overlord\n|-start|p2a: Kingambit|fallen2|[silent]\n|move|p1a: Deoxys|Stealth Rock|p2a: Kingambit\n|-sidestart|p2: kangarooteam1|move: Stealth Rock\n|\n|upkeep\n|turn|18\n|\n|t:|1788292925\n|-end|p2a: Kingambit|fallen2|[silent]\n|switch|p2a: Great Tusk|Great Tusk|47/100\n|-damage|p2a: Great Tusk|44/100|[from] Stealth Rock\n|move|p1a: Deoxys|Taunt|p2a: Great Tusk\n|-start|p2a: Great Tusk|move: Taunt\n|\n|-heal|p2a: Great Tusk|50/100|[from] item: Leftovers\n|upkeep\n|turn|19\n|\n|t:|1788292928\n|switch|p1a: Ceruledge|Ceruledge, M|50/100\n|-damage|p1a: Ceruledge|25/100|[from] Stealth Rock\n|move|p2a: Great Tusk|Rapid Spin|p1a: Ceruledge\n|-immune|p1a: Ceruledge\n|\n|-heal|p2a: Great Tusk|57/100|[from] item: Leftovers\n|upkeep\n|turn|20\n|\n|t:|1788292936\n|move|p2a: Great Tusk|Knock Off|p1a: Ceruledge\n|-supereffective|p1a: Ceruledge\n|-crit|p1a: Ceruledge\n|-damage|p1a: Ceruledge|0 fnt\n|-enditem|p1a: Ceruledge|Spell Tag|[from] move: Knock Off|[of] p2a: Great Tusk\n|faint|p1a: Ceruledge\n|\n|-heal|p2a: Great Tusk|63/100|[from] item: Leftovers\n|-end|p2a: Great Tusk|move: Taunt\n|upkeep\n|\n|t:|1788292941\n|switch|p1a: Iron Valiant|Iron Valiant|100/100\n|-damage|p1a: Iron Valiant|94/100|[from] Stealth Rock\n|-enditem|p1a: Iron Valiant|Booster Energy\n|-activate|p1a: Iron Valiant|ability: Quark Drive|[fromitem]\n|-start|p1a: Iron Valiant|quarkdrivespe\n|turn|21\n|\n|t:|1788292943\n|-terastallize|p2a: Great Tusk|Steel\n|move|p1a: Iron Valiant|Moonblast|p2a: Great Tusk\n|-resisted|p2a: Great Tusk\n|-damage|p2a: Great Tusk|33/100\n|move|p2a: Great Tusk|Rapid Spin|p1a: Iron Valiant\n|-damage|p1a: Iron Valiant|85/100\n|-boost|p2a: Great Tusk|spe|1\n|-sideend|p2: kangarooteam1|Stealth Rock|[from] move: Rapid Spin|[of] p2a: Great Tusk\n|\n|-heal|p2a: Great Tusk|39/100|[from] item: Leftovers\n|-sideend|p1: arturohdez|Reflect\n|upkeep\n|turn|22\n|\n|t:|1788292950\n|move|p1a: Iron Valiant|Close Combat|p2a: Great Tusk\n|-supereffective|p2a: Great Tusk\n|-damage|p2a: Great Tusk|0 fnt\n|-unboost|p1a: Iron Valiant|def|1\n|-unboost|p1a: Iron Valiant|spd|1\n|faint|p2a: Great Tusk\n|-end|p2a: Great Tusk|Protosynthesis|[silent]\n|\n|upkeep\n|\n|t:|1788292952\n|switch|p2a: Ogerpon|Ogerpon-Wellspring, F|100/100\n|turn|23\n|\n|t:|1788292962\n|move|p1a: Iron Valiant|Close Combat|p2a: Ogerpon\n|-damage|p2a: Ogerpon|28/100\n|-unboost|p1a: Iron Valiant|def|1\n|-unboost|p1a: Iron Valiant|spd|1\n|move|p2a: Ogerpon|Horn Leech|p1a: Iron Valiant\n|-damage|p1a: Iron Valiant|0 fnt\n|-heal|p2a: Ogerpon|68/100|[from] drain|[of] p1a: Iron Valiant\n|faint|p1a: Iron Valiant\n|-end|p1a: Iron Valiant|Quark Drive|[silent]\n|\n|-sideend|p1: arturohdez|move: Light Screen\n|upkeep\n|\n|t:|1788292969\n|switch|p1a: Kingambit|Kingambit, M|100/100\n|-damage|p1a: Kingambit|94/100|[from] Stealth Rock\n|-activate|p1a: Kingambit|ability: Supreme Overlord\n|-start|p1a: Kingambit|fallen3|[silent]\n|-item|p1a: Kingambit|Air Balloon\n|turn|24\n|\n|t:|1788292973\n|move|p2a: Ogerpon|Ivy Cudgel|p1a: Kingambit|[anim] Ivy Cudgel Water\n|-damage|p1a: Kingambit|52/100\n|-enditem|p1a: Kingambit|Air Balloon\n|move|p1a: Kingambit|Swords Dance|p1a: Kingambit\n|-boost|p1a: Kingambit|atk|2\n|\n|upkeep\n|turn|25\n|\n|t:|1788292976\n|switch|p2a: Gholdengo|Gholdengo|41/100\n|move|p1a: Kingambit|Sucker Punch||[still]\n|-fail|p1a: Kingambit\n|\n|upkeep\n|turn|26\n|\n|t:|1788292980\n|move|p2a: Gholdengo|Recover|p2a: Gholdengo\n|-heal|p2a: Gholdengo|92/100\n|move|p1a: Kingambit|Iron Head|p2a: Gholdengo\n|-resisted|p2a: Gholdengo\n|-damage|p2a: Gholdengo|26/100\n|\n|upkeep\n|turn|27\n|\n|t:|1788292982\n|move|p2a: Gholdengo|Make It Rain|p1a: Kingambit\n|-resisted|p1a: Kingambit\n|-damage|p1a: Kingambit|19/100\n|-unboost|p2a: Gholdengo|spa|1\n|move|p1a: Kingambit|Iron Head|p2a: Gholdengo\n|-resisted|p2a: Gholdengo\n|-damage|p2a: Gholdengo|0 fnt\n|faint|p2a: Gholdengo\n|\n|upkeep\n|\n|t:|1788292983\n|switch|p2a: Kingambit|Kingambit, F|100/100\n|-activate|p2a: Kingambit|ability: Supreme Overlord\n|-start|p2a: Kingambit|fallen4|[silent]\n|turn|28\n|\n|t:|1788292986\n|move|p1a: Kingambit|Sucker Punch|p2a: Kingambit\n|-resisted|p2a: Kingambit\n|-damage|p2a: Kingambit|64/100\n|move|p2a: Kingambit|Sucker Punch||[still]\n|-fail|p2a: Kingambit\n|\n|-heal|p2a: Kingambit|71/100|[from] item: Leftovers\n|upkeep\n|turn|29\n|j| John Pl4yer\n|l| John Pl4yer\n|\n|t:|1788292992\n|move|p1a: Kingambit|Sucker Punch|p2a: Kingambit\n|-resisted|p2a: Kingambit\n|-damage|p2a: Kingambit|28/100\n|move|p2a: Kingambit|Sucker Punch||[still]\n|-fail|p2a: Kingambit\n|\n|-heal|p2a: Kingambit|35/100|[from] item: Leftovers\n|upkeep\n|turn|30\n|\n|t:|1788292996\n|move|p1a: Kingambit|Sucker Punch||[still]\n|-fail|p1a: Kingambit\n|move|p2a: Kingambit|Swords Dance|p2a: Kingambit\n|-boost|p2a: Kingambit|atk|2\n|\n|-heal|p2a: Kingambit|41/100|[from] item: Leftovers\n|upkeep\n|turn|31\n|\n|t:|1788292999\n|move|p1a: Kingambit|Sucker Punch||[still]\n|-fail|p1a: Kingambit\n|move|p2a: Kingambit|Swords Dance|p2a: Kingambit\n|-boost|p2a: Kingambit|atk|2\n|\n|-heal|p2a: Kingambit|47/100|[from] item: Leftovers\n|upkeep\n|turn|32\n|\n|t:|1788293001\n|move|p2a: Kingambit|Sucker Punch|p1a: Kingambit\n|-resisted|p1a: Kingambit\n|-damage|p1a: Kingambit|0 fnt\n|faint|p1a: Kingambit\n|-end|p1a: Kingambit|fallen3|[silent]\n|\n|-heal|p2a: Kingambit|53/100|[from] item: Leftovers\n|upkeep\n|\n|t:|1788293003\n|switch|p1a: Samurott|Samurott-Hisui, M|100/100\n|-damage|p1a: Samurott|88/100|[from] Stealth Rock\n|turn|33\n|\n|t:|1788293005\n|move|p1a: Samurott|Ceaseless Edge|p2a: Kingambit\n|-resisted|p2a: Kingambit\n|-damage|p2a: Kingambit|33/100\n|-sidestart|p2: kangarooteam1|Spikes\n|move|p2a: Kingambit|Kowtow Cleave|p1a: Samurott\n|-resisted|p1a: Samurott\n|-damage|p1a: Samurott|0 fnt\n|faint|p1a: Samurott\n|\n|-heal|p2a: Kingambit|40/100|[from] item: Leftovers\n|upkeep\n|-message|arturohdez forfeited.\n|\n|win|kangarooteam1\n|raw|arturohdez's rating: 1700 &rarr; <strong>1682</strong><br />(-18 for losing)\n|raw|kangarooteam1's rating: 1742 &rarr; <strong>1760</strong><br />(+18 for winning)\n|l|\u2606arturohdez\n|player|p1|\n", "uploadtime": 1788293011, "views": "0", "formatid": "gen9ou", "rating": 1682, "private": 0, "password": null}