{"id": "gen9ou-2673870885", "format": "[Gen 9] OU", "players": ["kangarooteam1", "GavilarKholin"], "log": "|badge|p2|bronze|gen9lc|100-10\n|uhtml|medal-msg|<div class=\"broadcast-blue\">Curious what those medals under the avatar are? PS now has Ladder Seasons! For more information, check out the <a href=\"https://www.smogon.com/forums/threads/3740067/\">thread on Smogon.</a></div>\n|j|\u2606kangarooteam1\n|j|\u2606GavilarKholin\n|t:|1788271175\n|gametype|singles\n|player|p1|kangarooteam1|1|1680\n|player|p2|GavilarKholin|fantina|1707\n|gen|9\n|tier|[Gen 9] OU\n|rated|\n|rule|HP Percentage Mod: HP is shown in percentages\n|rule|Endless Battle Clause: Forcing endless battles is banned\n|rule|Species Clause: Limit one of each Pok\u00e9mon\n|rule|OHKO Clause: OHKO moves are banned\n|rule|Evasion Items Clause: Evasion items are banned\n|rule|Evasion Moves Clause: Evasion moves are banned\n|rule|Evasion Abilities Clause: Evasion abilities are banned\n|rule|Sleep Moves Clause: Sleep-inducing moves are banned\n|clearpoke\n|poke|p1|Great Tusk|\n|poke|p1|Gholdengo|\n|poke|p1|Raging Bolt|\n|poke|p1|Iron Valiant|\n|poke|p1|Ogerpon-Wellspring, F|\n|poke|p1|Kingambit, F|\n|poke|p2|Alomomola, M|\n|poke|p2|Iron Crown|\n|poke|p2|Zamazenta-*|\n|poke|p2|Pecharunt|\n|poke|p2|Gliscor, F|\n|poke|p2|Weavile, M|\n|teampreview\n|inactive|Battle timer is ON: inactive players will automatically lose when time's up. (requested by kangarooteam1)\n|j| brooomdooom\n|\n|t:|1788271207\n|teamsize|p1|6\n|teamsize|p2|6\n|start\n|switch|p1a: Great Tusk|Great Tusk|100/100\n|switch|p2a: Gliscor|Gliscor, F|100/100\n|turn|1\n|\n|t:|1788271210\n|move|p1a: Great Tusk|Knock Off|p2a: Gliscor\n|-damage|p2a: Gliscor|80/100\n|-enditem|p2a: Gliscor|Toxic Orb|[from] move: Knock Off|[of] p1a: Great Tusk\n|move|p2a: Gliscor|Toxic|p1a: Great Tusk|[miss]\n|-miss|p2a: Gliscor|p1a: Great Tusk\n|\n|upkeep\n|turn|2\n|l| brooomdooom\n|\n|t:|1788271217\n|move|p1a: Great Tusk|Stealth Rock|p2a: Gliscor\n|-sidestart|p2: GavilarKholin|move: Stealth Rock\n|move|p2a: Gliscor|Toxic|p1a: Great Tusk\n|-status|p1a: Great Tusk|tox\n|\n|-damage|p1a: Great Tusk|94/100 tox|[from] psn\n|upkeep\n|turn|3\n|\n|t:|1788271220\n|-end|p1a: Great Tusk|Protosynthesis|[silent]\n|switch|p1a: Gholdengo|Gholdengo|100/100\n|-item|p1a: Gholdengo|Air Balloon\n|move|p2a: Gliscor|Protect||[still]\n|-fail|p2a: Gliscor\n|\n|upkeep\n|turn|4\n|\n|t:|1788271223\n|switch|p2a: Weavile|Weavile, M|100/100\n|-ability|p2a: Weavile|Pressure\n|move|p1a: Gholdengo|Nasty Plot|p1a: Gholdengo\n|-boost|p1a: Gholdengo|spa|2\n|\n|upkeep\n|turn|5\n|\n|t:|1788271226\n|-terastallize|p1a: Gholdengo|Fairy\n|move|p2a: Weavile|Knock Off|p1a: Gholdengo\n|-resisted|p1a: Gholdengo\n|-damage|p1a: Gholdengo|73/100\n|-enditem|p1a: Gholdengo|Air Balloon\n|move|p1a: Gholdengo|Make It Rain|p2a: Weavile\n|-supereffective|p2a: Weavile\n|-damage|p2a: Weavile|0 fnt\n|-unboost|p1a: Gholdengo|spa|1\n|faint|p2a: Weavile\n|\n|upkeep\n|\n|t:|1788271231\n|switch|p2a: Iron Crown|Iron Crown|100/100\n|-damage|p2a: Iron Crown|94/100|[from] Stealth Rock\n|turn|6\n|\n|t:|1788271235\n|switch|p1a: Raging Bolt|Raging Bolt|100/100\n|move|p2a: Iron Crown|Volt Switch|p1a: Raging Bolt\n|-resisted|p1a: Raging Bolt\n|-damage|p1a: Raging Bolt|94/100\n|\n|t:|1788271237\n|-end|p2a: Iron Crown|Quark Drive|[silent]\n|switch|p2a: Gliscor|Gliscor, F|80/100|[from] Volt Switch\n|-damage|p2a: Gliscor|67/100|[from] Stealth Rock\n|\n|-heal|p1a: Raging Bolt|99/100|[from] item: Leftovers\n|upkeep\n|turn|7\n|\n|t:|1788271238\n|move|p2a: Gliscor|Earthquake|p1a: Raging Bolt\n|-supereffective|p1a: Raging Bolt\n|-damage|p1a: Raging Bolt|49/100\n|move|p1a: Raging Bolt|Calm Mind|p1a: Raging Bolt\n|-boost|p1a: Raging Bolt|spa|1\n|-boost|p1a: Raging Bolt|spd|1\n|\n|-heal|p1a: Raging Bolt|55/100|[from] item: Leftovers\n|upkeep\n|turn|8\n|\n|t:|1788271241\n|-end|p1a: Raging Bolt|Protosynthesis|[silent]\n|switch|p1a: Ogerpon|Ogerpon-Wellspring, F|100/100\n|move|p2a: Gliscor|Earthquake|p1a: Ogerpon\n|-resisted|p1a: Ogerpon\n|-damage|p1a: Ogerpon|80/100\n|\n|upkeep\n|turn|9\n|\n|t:|1788271244\n|switch|p2a: Pecharunt|Pecharunt|100/100\n|move|p1a: Ogerpon|Ivy Cudgel|p2a: Pecharunt|[anim] Ivy Cudgel Water\n|-damage|p2a: Pecharunt|74/100\n|\n|upkeep\n|turn|10\n|\n|t:|1788271247\n|move|p1a: Ogerpon|U-turn|p2a: Pecharunt\n|-resisted|p2a: Pecharunt\n|-damage|p2a: Pecharunt|71/100\n|\n|t:|1788271249\n|switch|p1a: Kingambit|Kingambit, F|100/100|[from] U-turn\n|move|p2a: Pecharunt|Malignant Chain|p1a: Kingambit\n|-immune|p1a: Kingambit\n|\n|upkeep\n|turn|11\n|\n|t:|1788271252\n|move|p2a: Pecharunt|Parting Shot|p1a: Kingambit\n|-unboost|p1a: Kingambit|atk|1\n|-unboost|p1a: Kingambit|spa|1\n|\n|t:|1788271253\n|switch|p2a: Zamazenta|Zamazenta|100/100|[from] Parting Shot\n|-ability|p2a: Zamazenta|Dauntless Shield|boost\n|-boost|p2a: Zamazenta|def|1\n|move|p1a: Kingambit|Kowtow Cleave|p2a: Zamazenta\n|-resisted|p2a: Zamazenta\n|-damage|p2a: Zamazenta|89/100\n|\n|upkeep\n|turn|12\n|\n|t:|1788271262\n|-end|p1a: Kingambit|fallenundefined|[silent]\n|switch|p1a: Great Tusk|Great Tusk|94/100 tox\n|move|p2a: Zamazenta|Close Combat|p1a: Great Tusk\n|-damage|p1a: Great Tusk|62/100 tox\n|-unboost|p2a: Zamazenta|def|1\n|-unboost|p2a: Zamazenta|spd|1\n|\n|-heal|p1a: Great Tusk|68/100 tox|[from] item: Leftovers\n|-damage|p1a: Great Tusk|62/100 tox|[from] psn\n|upkeep\n|turn|13\n|\n|t:|1788271267\n|switch|p2a: Gliscor|Gliscor, F|67/100\n|-damage|p2a: Gliscor|55/100|[from] Stealth Rock\n|move|p1a: Great Tusk|Earthquake|p2a: Gliscor\n|-immune|p2a: Gliscor\n|\n|-heal|p1a: Great Tusk|68/100 tox|[from] item: Leftovers\n|-damage|p1a: Great Tusk|55/100 tox|[from] psn\n|upkeep\n|turn|14\n|\n|t:|1788271272\n|-end|p1a: Great Tusk|Protosynthesis|[silent]\n|switch|p1a: Gholdengo|Gholdengo, tera:Fairy|73/100\n|move|p2a: Gliscor|Spikes|p1a: Gholdengo\n|-sidestart|p1: kangarooteam1|Spikes\n|\n|upkeep\n|turn|15\n|\n|t:|1788271278\n|move|p1a: Gholdengo|Shadow Ball|p2a: Gliscor\n|-damage|p2a: Gliscor|18/100\n|move|p2a: Gliscor|Spikes|p1a: Gholdengo\n|-sidestart|p1: kangarooteam1|Spikes\n|\n|upkeep\n|turn|16\n|\n|t:|1788271285\n|switch|p2a: Alomomola|Alomomola, M|100/100\n|move|p1a: Gholdengo|Shadow Ball|p2a: Alomomola\n|-damage|p2a: Alomomola|68/100\n|\n|upkeep\n|turn|17\n|\n|t:|1788271287\n|move|p1a: Gholdengo|Shadow Ball|p2a: Alomomola\n|-damage|p2a: Alomomola|40/100\n|move|p2a: Alomomola|Flip Turn|p1a: Gholdengo\n|-damage|p1a: Gholdengo|54/100\n|\n|t:|1788271293\n|switch|p2a: Iron Crown|Iron Crown|94/100|[from] Flip Turn\n|-damage|p2a: Iron Crown|88/100|[from] Stealth Rock\n|\n|upkeep\n|turn|18\n|j| brooomdooom\n|\n|t:|1788271300\n|switch|p1a: Kingambit|Kingambit, F|100/100\n|-damage|p1a: Kingambit|84/100|[from] Spikes\n|move|p2a: Iron Crown|Tachyon Cutter|p1a: Kingambit\n|-resisted|p1a: Kingambit\n|-damage|p1a: Kingambit|65/100\n|-resisted|p1a: Kingambit\n|-damage|p1a: Kingambit|47/100\n|-hitcount|p1a: Kingambit|2\n|\n|-heal|p1a: Kingambit|53/100|[from] item: Leftovers\n|upkeep\n|turn|19\n|\n|t:|1788271305\n|-terastallize|p2a: Iron Crown|Steel\n|move|p2a: Iron Crown|Tachyon Cutter|p1a: Kingambit\n|-resisted|p1a: Kingambit\n|-damage|p1a: Kingambit|26/100\n|-resisted|p1a: Kingambit\n|-damage|p1a: Kingambit|0 fnt\n|faint|p1a: Kingambit\n|-end|p1a: Kingambit|fallenundefined|[silent]\n|-hitcount|p1: Kingambit|2\n|\n|upkeep\n|\n|t:|1788271306\n|switch|p1a: Ogerpon|Ogerpon-Wellspring, F|80/100\n|-damage|p1a: Ogerpon|63/100|[from] Spikes\n|turn|20\n|\n|t:|1788271321\n|move|p1a: Ogerpon|Ivy Cudgel|p2a: Iron Crown|[anim] Ivy Cudgel Water\n|-damage|p2a: Iron Crown|27/100\n|move|p2a: Iron Crown|Tachyon Cutter|p1a: Ogerpon\n|-resisted|p1a: Ogerpon\n|-damage|p1a: Ogerpon|33/100\n|-resisted|p1a: Ogerpon\n|-damage|p1a: Ogerpon|2/100\n|-hitcount|p1a: Ogerpon|2\n|\n|upkeep\n|turn|21\n|\n|t:|1788271335\n|-end|p2a: Iron Crown|Quark Drive|[silent]\n|switch|p2a: Pecharunt|Pecharunt|71/100\n|move|p1a: Ogerpon|Ivy Cudgel|p2a: Pecharunt|[anim] Ivy Cudgel Water\n|-damage|p2a: Pecharunt|45/100\n|\n|upkeep\n|turn|22\n|\n|t:|1788271337\n|move|p1a: Ogerpon|Ivy Cudgel|p2a: Pecharunt|[anim] Ivy Cudgel Water\n|-damage|p2a: Pecharunt|14/100\n|move|p2a: Pecharunt|Recover|p2a: Pecharunt\n|-heal|p2a: Pecharunt|64/100\n|\n|upkeep\n|turn|23\n|\n|t:|1788271339\n|move|p1a: Ogerpon|Ivy Cudgel|p2a: Pecharunt|[anim] Ivy Cudgel Water\n|-damage|p2a: Pecharunt|34/100\n|move|p2a: Pecharunt|Recover|p2a: Pecharunt\n|-heal|p2a: Pecharunt|84/100\n|\n|upkeep\n|turn|24\n|\n|t:|1788271341\n|move|p1a: Ogerpon|Ivy Cudgel|p2a: Pecharunt|[anim] Ivy Cudgel Water\n|-damage|p2a: Pecharunt|55/100\n|move|p2a: Pecharunt|Recover|p2a: Pecharunt\n|-heal|p2a: Pecharunt|100/100\n|\n|upkeep\n|turn|25\n|\n|t:|1788271347\n|move|p1a: Ogerpon|Ivy Cudgel|p2a: Pecharunt|[anim] Ivy Cudgel Water\n|-damage|p2a: Pecharunt|71/100\n|move|p2a: Pecharunt|Malignant Chain|p1a: Ogerpon\n|-supereffective|p1a: Ogerpon\n|-damage|p1a: Ogerpon|0 fnt\n|faint|p1a: Ogerpon\n|\n|upkeep\n|\n|t:|1788271347\n|switch|p1a: Gholdengo|Gholdengo, tera:Fairy|54/100\n|-damage|p1a: Gholdengo|37/100|[from] Spikes\n|turn|26\n|\n|t:|1788271359\n|switch|p2a: Gliscor|Gliscor, F|18/100\n|-damage|p2a: Gliscor|5/100|[from] Stealth Rock\n|move|p1a: Gholdengo|Shadow Ball|p2a: Gliscor\n|-damage|p2a: Gliscor|0 fnt\n|faint|p2a: Gliscor\n|\n|upkeep\n|\n|t:|1788271361\n|switch|p2a: Iron Crown|Iron Crown, tera:Steel|27/100\n|-damage|p2a: Iron Crown|21/100|[from] Stealth Rock\n|turn|27\n|\n|t:|1788271363\n|switch|p1a: Great Tusk|Great Tusk|55/100 tox\n|-damage|p1a: Great Tusk|39/100 tox|[from] Spikes\n|move|p2a: Iron Crown|Tachyon Cutter|p1a: Great Tusk\n|-damage|p1a: Great Tusk|0 fnt\n|faint|p1a: Great Tusk\n|-end|p1a: Great Tusk|Protosynthesis|[silent]\n|-hitcount|p1: Great Tusk|1\n|\n|upkeep\n|\n|t:|1788271364\n|switch|p1a: Raging Bolt|Raging Bolt|55/100\n|-damage|p1a: Raging Bolt|39/100|[from] Spikes\n|turn|28\n|\n|t:|1788271373\n|-end|p2a: Iron Crown|Quark Drive|[silent]\n|switch|p2a: Zamazenta|Zamazenta|89/100\n|move|p1a: Raging Bolt|Thunderclap||[still]\n|-fail|p1a: Raging Bolt\n|\n|-heal|p1a: Raging Bolt|45/100|[from] item: Leftovers\n|upkeep\n|turn|29\n|\n|t:|1788271376\n|-end|p1a: Raging Bolt|Protosynthesis|[silent]\n|switch|p1a: Iron Valiant|Iron Valiant|100/100\n|-damage|p1a: Iron Valiant|84/100|[from] Spikes\n|-enditem|p1a: Iron Valiant|Booster Energy\n|-activate|p1a: Iron Valiant|ability: Quark Drive|[fromitem]\n|-start|p1a: Iron Valiant|quarkdrivespe\n|move|p2a: Zamazenta|Close Combat|p1a: Iron Valiant\n|-resisted|p1a: Iron Valiant\n|-crit|p1a: Iron Valiant\n|-damage|p1a: Iron Valiant|27/100\n|-unboost|p2a: Zamazenta|def|1\n|-unboost|p2a: Zamazenta|spd|1\n|\n|upkeep\n|turn|30\n|\n|t:|1788271386\n|switch|p2a: Iron Crown|Iron Crown, tera:Steel|21/100\n|-damage|p2a: Iron Crown|15/100|[from] Stealth Rock\n|move|p1a: Iron Valiant|Thunderbolt|p2a: Iron Crown\n|-damage|p2a: Iron Crown|0 fnt\n|faint|p2a: Iron Crown\n|-end|p2a: Iron Crown|Quark Drive|[silent]\n|\n|upkeep\n|\n|t:|1788271387\n|switch|p2a: Pecharunt|Pecharunt|71/100\n|turn|31\n|\n|t:|1788271389\n|move|p1a: Iron Valiant|Moonblast|p2a: Pecharunt\n|-resisted|p2a: Pecharunt\n|-damage|p2a: Pecharunt|49/100\n|move|p2a: Pecharunt|Malignant Chain|p1a: Iron Valiant\n|-supereffective|p1a: Iron Valiant\n|-damage|p1a: Iron Valiant|0 fnt\n|faint|p1a: Iron Valiant\n|-end|p1a: Iron Valiant|Quark Drive|[silent]\n|\n|upkeep\n|\n|t:|1788271390\n|switch|p1a: Raging Bolt|Raging Bolt|45/100\n|-damage|p1a: Raging Bolt|28/100|[from] Spikes\n|turn|32\n|\n|t:|1788271394\n|move|p1a: Raging Bolt|Thunderclap|p2a: Pecharunt\n|-damage|p2a: Pecharunt|6/100\n|move|p2a: Pecharunt|Malignant Chain|p1a: Raging Bolt\n|-damage|p1a: Raging Bolt|2/100\n|-status|p1a: Raging Bolt|tox\n|-start|p1a: Raging Bolt|confusion|[from] ability: Poison Puppeteer|[of] p2a: Pecharunt\n|\n|-heal|p1a: Raging Bolt|8/100 tox|[from] item: Leftovers\n|-damage|p1a: Raging Bolt|2/100 tox|[from] psn\n|upkeep\n|turn|33\n|\n|t:|1788271397\n|move|p2a: Pecharunt|Malignant Chain|p1a: Raging Bolt\n|-damage|p1a: Raging Bolt|0 fnt\n|faint|p1a: Raging Bolt\n|-end|p1a: Raging Bolt|Protosynthesis|[silent]\n|\n|upkeep\n|\n|t:|1788271398\n|switch|p1a: Gholdengo|Gholdengo, tera:Fairy|37/100\n|-damage|p1a: Gholdengo|21/100|[from] Spikes\n|turn|34\n|\n|t:|1788271399\n|move|p1a: Gholdengo|Shadow Ball|p2a: Pecharunt\n|-supereffective|p2a: Pecharunt\n|-damage|p2a: Pecharunt|0 fnt\n|faint|p2a: Pecharunt\n|\n|upkeep\n|\n|t:|1788271400\n|switch|p2a: Zamazenta|Zamazenta|89/100\n|turn|35\n|\n|t:|1788271401\n|move|p2a: Zamazenta|Heavy Slam|p1a: Gholdengo\n|-supereffective|p1a: Gholdengo\n|-damage|p1a: Gholdengo|0 fnt\n|faint|p1a: Gholdengo\n|\n|win|GavilarKholin\n|raw|kangarooteam1's rating: 1680 &rarr; <strong>1662</strong><br />(-18 for losing)\n|raw|GavilarKholin's rating: 1707 &rarr; <strong>1725</strong><br />(+18 for winning)\n|l|\u2606kangarooteam1\n|player|p1|\n|l|\u2606GavilarKholin\n|player|p2|\n|l| brooomdooom\n", "uploadtime": 1788271402, "views": "1", "formatid": "gen9ou", "rating": 1662, "private": 0, "password": null}