{"id": "gen9ou-2673951838", "format": "[Gen 9] OU", "players": ["cebtheo", "alkalistics"], "log": "|j|\u2606cebtheo\n|j|\u2606alkalistics\n|t:|1788281051\n|gametype|singles\n|player|p1|cebtheo|aaron|1479\n|player|p2|alkalistics|shauntal|1434\n|gen|9\n|tier|[Gen 9] OU\n|rated|\n|rule|HP Percentage Mod: HP is shown in percentages\n|rule|Endless Battle Clause: Forcing endless battles is banned\n|rule|Species Clause: Limit one of each Pok\u00e9mon\n|rule|OHKO Clause: OHKO moves are banned\n|rule|Evasion Items Clause: Evasion items are banned\n|rule|Evasion Moves Clause: Evasion moves are banned\n|rule|Evasion Abilities Clause: Evasion abilities are banned\n|rule|Sleep Moves Clause: Sleep-inducing moves are banned\n|clearpoke\n|poke|p1|Garchomp, F|\n|poke|p1|Corviknight, M|\n|poke|p1|Blissey, F|\n|poke|p1|Toxapex, M|\n|poke|p1|Dondozo, M|\n|poke|p1|Hydrapple, F|\n|poke|p2|Kyurem|\n|poke|p2|Cinderace, M|\n|poke|p2|Primarina, M|\n|poke|p2|Ogerpon, F|\n|poke|p2|Tornadus-Therian, M|\n|poke|p2|Iron Treads|\n|teampreview\n|inactive|Battle timer is ON: inactive players will automatically lose when time's up. (requested by cebtheo)\n|\n|t:|1788281062\n|teamsize|p1|6\n|teamsize|p2|6\n|start\n|switch|p1a: Toxapex|Toxapex, M|100/100\n|switch|p2a: Tornadus|Tornadus-Therian, M|100/100\n|turn|1\n|\n|t:|1788281073\n|switch|p1a: Corviknight|Corviknight, M|100/100\n|-ability|p1a: Corviknight|Pressure\n|move|p2a: Tornadus|Knock Off|p1a: Corviknight\n|-damage|p1a: Corviknight|88/100\n|-damage|p2a: Tornadus|84/100|[from] item: Rocky Helmet|[of] p1a: Corviknight\n|-enditem|p1a: Corviknight|Rocky Helmet|[from] move: Knock Off|[of] p2a: Tornadus\n|\n|upkeep\n|turn|2\n|\n|t:|1788281084\n|switch|p1a: Garchomp|Garchomp, F|100/100\n|move|p2a: Tornadus|Heat Wave|p1a: Garchomp|[miss]\n|-miss|p2a: Tornadus|p1a: Garchomp\n|\n|upkeep\n|turn|3\n|\n|t:|1788281090\n|switch|p2a: Primarina|Primarina, M|100/100\n|move|p1a: Garchomp|Stealth Rock|p2a: Primarina\n|-sidestart|p2: alkalistics|move: Stealth Rock\n|\n|upkeep\n|turn|4\n|\n|t:|1788281105\n|switch|p1a: Blissey|Blissey, F|100/100\n|move|p2a: Primarina|Moonblast|p1a: Blissey\n|-damage|p1a: Blissey|86/100\n|\n|upkeep\n|turn|5\n|\n|t:|1788281112\n|move|p2a: Primarina|Psychic Noise|p1a: Blissey\n|-damage|p1a: Blissey|77/100\n|-start|p1a: Blissey|move: Heal Block\n|move|p1a: Blissey|Seismic Toss|p2a: Primarina\n|-damage|p2a: Primarina|73/100\n|\n|upkeep\n|turn|6\n|\n|t:|1788281119\n|switch|p2a: Iron Treads|Iron Treads|100/100\n|-damage|p2a: Iron Treads|97/100|[from] Stealth Rock\n|-enditem|p2a: Iron Treads|Booster Energy\n|-activate|p2a: Iron Treads|ability: Quark Drive|[fromitem]\n|-start|p2a: Iron Treads|quarkdrivespe\n|move|p1a: Blissey|Seismic Toss|p2a: Iron Treads\n|-damage|p2a: Iron Treads|66/100\n|\n|-end|p1a: Blissey|move: Heal Block\n|upkeep\n|turn|7\n|\n|t:|1788281128\n|switch|p1a: Corviknight|Corviknight, M|88/100\n|-ability|p1a: Corviknight|Pressure\n|move|p2a: Iron Treads|Stealth Rock|p1a: Corviknight\n|-sidestart|p1: cebtheo|move: Stealth Rock\n|\n|upkeep\n|turn|8\n|\n|t:|1788281134\n|move|p2a: Iron Treads|Rapid Spin|p1a: Corviknight\n|-resisted|p1a: Corviknight\n|-damage|p1a: Corviknight|83/100\n|-boost|p2a: Iron Treads|spe|1\n|-sideend|p2: alkalistics|Stealth Rock|[from] move: Rapid Spin|[of] p2a: Iron Treads\n|move|p1a: Corviknight|Defog|p2a: Iron Treads\n|-unboost|p2a: Iron Treads|evasion|1\n|-sideend|p1: cebtheo|Stealth Rock|[from] move: Defog|[of] p1a: Corviknight\n|\n|upkeep\n|turn|9\n|\n|t:|1788281141\n|switch|p1a: Garchomp|Garchomp, F|100/100\n|move|p2a: Iron Treads|Stealth Rock|p1a: Garchomp\n|-sidestart|p1: cebtheo|move: Stealth Rock\n|\n|upkeep\n|turn|10\n|\n|t:|1788281146\n|move|p2a: Iron Treads|Ice Spinner|p1a: Garchomp\n|-supereffective|p1a: Garchomp\n|-damage|p1a: Garchomp|41/100\n|-damage|p2a: Iron Treads|54/100|[from] ability: Rough Skin|[of] p1a: Garchomp\n|-damage|p2a: Iron Treads|37/100|[from] item: Rocky Helmet|[of] p1a: Garchomp\n|move|p1a: Garchomp|Stealth Rock|p2a: Iron Treads\n|-sidestart|p2: alkalistics|move: Stealth Rock\n|\n|upkeep\n|turn|11\n|\n|t:|1788281152\n|move|p2a: Iron Treads|Rapid Spin|p1a: Garchomp\n|-damage|p1a: Garchomp|31/100\n|-boost|p2a: Iron Treads|spe|1\n|-damage|p2a: Iron Treads|25/100|[from] ability: Rough Skin|[of] p1a: Garchomp\n|-damage|p2a: Iron Treads|8/100|[from] item: Rocky Helmet|[of] p1a: Garchomp\n|-sideend|p2: alkalistics|Stealth Rock|[from] move: Rapid Spin|[of] p2a: Iron Treads\n|move|p1a: Garchomp|Spikes|p2a: Iron Treads\n|-sidestart|p2: alkalistics|Spikes\n|\n|upkeep\n|turn|12\n|\n|t:|1788281162\n|move|p2a: Iron Treads|Ice Spinner|p1a: Garchomp\n|-supereffective|p1a: Garchomp\n|-damage|p1a: Garchomp|0 fnt\n|-damage|p2a: Iron Treads|0 fnt|[from] ability: Rough Skin|[of] p1a: Garchomp\n|faint|p1a: Garchomp\n|faint|p2a: Iron Treads\n|-end|p2a: Iron Treads|Quark Drive|[silent]\n|\n|upkeep\n|\n|t:|1788281174\n|switch|p2a: Cinderace|Cinderace, M|100/100\n|switch|p1a: Toxapex|Toxapex, M|100/100\n|turn|13\n|\n|t:|1788281178\n|switch|p2a: Primarina|Primarina, M|73/100\n|-damage|p2a: Primarina|61/100|[from] Spikes\n|move|p1a: Toxapex|Toxic|p2a: Primarina\n|-status|p2a: Primarina|tox\n|\n|-damage|p2a: Primarina|55/100 tox|[from] psn\n|upkeep\n|turn|14\n|\n|t:|1788281183\n|switch|p1a: Blissey|Blissey, F|77/100\n|move|p2a: Primarina|Psychic Noise|p1a: Blissey\n|-damage|p1a: Blissey|70/100\n|-start|p1a: Blissey|move: Heal Block\n|\n|-damage|p2a: Primarina|43/100 tox|[from] psn\n|upkeep\n|turn|15\n|\n|t:|1788281190\n|move|p2a: Primarina|Moonblast|p1a: Blissey\n|-damage|p1a: Blissey|54/100\n|move|p1a: Blissey|Seismic Toss|p2a: Primarina\n|-damage|p2a: Primarina|15/100 tox\n|\n|-damage|p2a: Primarina|0 fnt|[from] psn\n|faint|p2a: Primarina\n|-end|p1a: Blissey|move: Heal Block\n|upkeep\n|\n|t:|1788281194\n|switch|p2a: Kyurem|Kyurem|100/100\n|-damage|p2a: Kyurem|88/100|[from] Spikes\n|-ability|p2a: Kyurem|Pressure\n|turn|16\n|\n|t:|1788281200\n|switch|p1a: Toxapex|Toxapex, M|100/100\n|move|p2a: Kyurem|Dragon Dance|p2a: Kyurem\n|-boost|p2a: Kyurem|atk|1\n|-boost|p2a: Kyurem|spe|1\n|\n|upkeep\n|turn|17\n|\n|t:|1788281205\n|-terastallize|p2a: Kyurem|Ice\n|move|p2a: Kyurem|Freeze-Dry|p1a: Toxapex\n|-supereffective|p1a: Toxapex\n|-damage|p1a: Toxapex|12/100\n|move|p1a: Toxapex|Toxic|p2a: Kyurem\n|-status|p2a: Kyurem|tox\n|\n|-damage|p2a: Kyurem|82/100 tox|[from] psn\n|upkeep\n|turn|18\n|\n|t:|1788281219\n|switch|p1a: Corviknight|Corviknight, M|83/100\n|-damage|p1a: Corviknight|71/100|[from] Stealth Rock\n|-ability|p1a: Corviknight|Pressure\n|move|p2a: Kyurem|Freeze-Dry|p1a: Corviknight\n|-damage|p1a: Corviknight|22/100\n|-status|p1a: Corviknight|frz\n|\n|-damage|p2a: Kyurem|70/100 tox|[from] psn\n|upkeep\n|turn|19\n|\n|t:|1788281227\n|move|p2a: Kyurem|Icicle Spear|p1a: Corviknight\n|-damage|p1a: Corviknight|4/100 frz\n|-damage|p1a: Corviknight|0 fnt\n|faint|p1a: Corviknight\n|-hitcount|p1: Corviknight|2\n|\n|-damage|p2a: Kyurem|51/100 tox|[from] psn\n|upkeep\n|\n|t:|1788281230\n|switch|p1a: Dondozo|Dondozo, M|100/100\n|turn|20\n|\n|t:|1788281240\n|-terastallize|p1a: Dondozo|Fighting\n|move|p2a: Kyurem|Freeze-Dry|p1a: Dondozo\n|-damage|p1a: Dondozo|47/100\n|-status|p1a: Dondozo|frz\n|cant|p1a: Dondozo|frz\n|\n|-damage|p2a: Kyurem|27/100 tox|[from] psn\n|upkeep\n|turn|21\n|\n|t:|1788281245\n|move|p2a: Kyurem|Freeze-Dry|p1a: Dondozo\n|-damage|p1a: Dondozo|0 fnt\n|faint|p1a: Dondozo\n|\n|-damage|p2a: Kyurem|0 fnt|[from] psn\n|faint|p2a: Kyurem\n|upkeep\n|\n|t:|1788281252\n|switch|p2a: Ogerpon|Ogerpon, F|100/100\n|switch|p1a: Hydrapple|Hydrapple, F|100/100\n|-damage|p2a: Ogerpon|88/100|[from] Spikes\n|turn|22\n|\n|t:|1788281258\n|move|p2a: Ogerpon|U-turn|p1a: Hydrapple\n|-supereffective|p1a: Hydrapple\n|-damage|p1a: Hydrapple|61/100\n|\n|t:|1788281260\n|switch|p2a: Tornadus|Tornadus-Therian, M|100/100|[from] U-turn\n|move|p1a: Hydrapple|Fickle Beam|p2a: Tornadus|[anim] Fickle Beam All Out\n|-activate|p1a: Hydrapple|move: Fickle Beam\n|-damage|p2a: Tornadus|37/100\n|\n|upkeep\n|turn|23\n|\n|t:|1788281269\n|switch|p1a: Blissey|Blissey, F|54/100\n|move|p2a: Tornadus|U-turn|p1a: Blissey\n|-damage|p1a: Blissey|39/100\n|\n|t:|1788281271\n|switch|p2a: Cinderace|Cinderace, M|100/100|[from] U-turn\n|\n|upkeep\n|turn|24\n|\n|t:|1788281277\n|switch|p1a: Toxapex|Toxapex, M|45/100\n|move|p2a: Cinderace|U-turn|p1a: Toxapex\n|-start|p2a: Cinderace|typechange|Bug|[from] ability: Libero\n|-resisted|p1a: Toxapex\n|-damage|p1a: Toxapex|34/100\n|\n|t:|1788281279\n|switch|p2a: Ogerpon|Ogerpon, F|88/100|[from] U-turn\n|-damage|p2a: Ogerpon|76/100|[from] Spikes\n|\n|upkeep\n|turn|25\n|\n|t:|1788281286\n|switch|p1a: Hydrapple|Hydrapple, F|94/100\n|move|p2a: Ogerpon|Ivy Cudgel|p1a: Hydrapple\n|-resisted|p1a: Hydrapple\n|-damage|p1a: Hydrapple|84/100\n|\n|upkeep\n|turn|26\n|\n|t:|1788281292\n|switch|p2a: Tornadus|Tornadus-Therian, M|70/100\n|switch|p1a: Toxapex|Toxapex, M|68/100\n|\n|upkeep\n|turn|27\n|\n|t:|1788281295\n|move|p2a: Tornadus|Bleakwind Storm|p1a: Toxapex\n|-damage|p1a: Toxapex|40/100\n|move|p1a: Toxapex|Toxic|p2a: Tornadus\n|-status|p2a: Tornadus|tox\n|\n|-damage|p2a: Tornadus|64/100 tox|[from] psn\n|upkeep\n|turn|28\n|\n|t:|1788281300\n|switch|p1a: Blissey|Blissey, F|39/100\n|move|p2a: Tornadus|Knock Off|p1a: Blissey\n|-damage|p1a: Blissey|19/100\n|-enditem|p1a: Blissey|Heavy-Duty Boots|[from] move: Knock Off|[of] p2a: Tornadus\n|\n|-damage|p2a: Tornadus|52/100 tox|[from] psn\n|upkeep\n|turn|29\n|\n|t:|1788281306\n|move|p2a: Tornadus|U-turn|p1a: Blissey\n|-damage|p1a: Blissey|3/100\n|\n|t:|1788281308\n|switch|p2a: Cinderace|Cinderace, M|100/100|[from] U-turn\n|move|p1a: Blissey|Soft-Boiled|p1a: Blissey\n|-heal|p1a: Blissey|53/100\n|\n|upkeep\n|turn|30\n|\n|t:|1788281315\n|switch|p1a: Toxapex|Toxapex, M|73/100\n|move|p2a: Cinderace|U-turn|p1a: Toxapex\n|-start|p2a: Cinderace|typechange|Bug|[from] ability: Libero\n|-resisted|p1a: Toxapex\n|-damage|p1a: Toxapex|63/100\n|\n|t:|1788281317\n|switch|p2a: Ogerpon|Ogerpon, F|76/100|[from] U-turn\n|-damage|p2a: Ogerpon|64/100|[from] Spikes\n|\n|upkeep\n|turn|31\n|\n|t:|1788281324\n|switch|p1a: Hydrapple|Hydrapple, F|100/100\n|move|p2a: Ogerpon|U-turn|p1a: Hydrapple\n|-supereffective|p1a: Hydrapple\n|-damage|p1a: Hydrapple|59/100\n|\n|t:|1788281329\n|switch|p2a: Tornadus|Tornadus-Therian, M|85/100 tox|[from] U-turn\n|\n|-damage|p2a: Tornadus|79/100 tox|[from] psn\n|upkeep\n|turn|32\n|\n|t:|1788281332\n|switch|p1a: Toxapex|Toxapex, M|97/100\n|move|p2a: Tornadus|U-turn|p1a: Toxapex\n|-resisted|p1a: Toxapex\n|-damage|p1a: Toxapex|93/100\n|\n|t:|1788281335\n|switch|p2a: Ogerpon|Ogerpon, F|64/100|[from] U-turn\n|-damage|p2a: Ogerpon|51/100|[from] Spikes\n|\n|upkeep\n|turn|33\n|-message|alkalistics forfeited.\n|\n|win|cebtheo\n|raw|cebtheo's rating: 1479 &rarr; <strong>1496</strong><br />(+17 for winning)\n|raw|alkalistics's rating: 1434 &rarr; <strong>1417</strong><br />(-17 for losing)\n|l|\u2606alkalistics\n|player|p2|\n|l|\u2606cebtheo\n|player|p1|\n", "uploadtime": 1788281532, "views": "4", "formatid": "gen9ou", "rating": 1417, "private": 0, "password": null}