{"id": "gen9ou-2674024026", "format": "[Gen 9] OU", "players": ["Prav33n", "Acastillo631"], "log": "|j|\u2606Prav33n\n|j|\u2606Acastillo631\n|t:|1788289487\n|gametype|singles\n|player|p1|Prav33n|koga|1657\n|player|p2|Acastillo631|silver|1665\n|gen|9\n|tier|[Gen 9] OU\n|rated|\n|rule|HP Percentage Mod: HP is shown in percentages\n|rule|Endless Battle Clause: Forcing endless battles is banned\n|rule|Species Clause: Limit one of each Pok\u00e9mon\n|rule|OHKO Clause: OHKO moves are banned\n|rule|Evasion Items Clause: Evasion items are banned\n|rule|Evasion Moves Clause: Evasion moves are banned\n|rule|Evasion Abilities Clause: Evasion abilities are banned\n|rule|Sleep Moves Clause: Sleep-inducing moves are banned\n|clearpoke\n|poke|p1|Samurott-Hisui, M|\n|poke|p1|Gholdengo|\n|poke|p1|Gliscor, M|\n|poke|p1|Zamazenta-*|\n|poke|p1|Kyurem|\n|poke|p1|Glimmora, F|\n|poke|p2|Iron Valiant|\n|poke|p2|Sinistcha|\n|poke|p2|Klefki, F|\n|poke|p2|Iron Treads|\n|poke|p2|Tyranitar, M|\n|poke|p2|Samurott-Hisui, M|\n|teampreview\n|inactive|Battle timer is ON: inactive players will automatically lose when time's up. (requested by Prav33n)\n|j| gaze of timaeus\n|l| gaze of timaeus\n|inactive|Prav33n has 120 seconds left.\n|inactive|Acastillo631 has 120 seconds left.\n|\n|t:|1788289536\n|teamsize|p1|6\n|teamsize|p2|6\n|start\n|switch|p1a: Gliscor|Gliscor, M|100/100\n|switch|p2a: Redips|Klefki, F|100/100\n|turn|1\n|\n|t:|1788289540\n|move|p2a: Redips|Magnet Rise|p2a: Redips\n|-start|p2a: Redips|Magnet Rise\n|move|p1a: Gliscor|Swords Dance|p1a: Gliscor\n|-boost|p1a: Gliscor|atk|2\n|\n|-status|p1a: Gliscor|tox|[from] item: Toxic Orb\n|upkeep\n|turn|2\n|\n|t:|1788289544\n|move|p2a: Redips|Spikes|p1a: Gliscor\n|-sidestart|p1: Prav33n|Spikes\n|move|p1a: Gliscor|Swords Dance|p1a: Gliscor\n|-boost|p1a: Gliscor|atk|2\n|\n|upkeep\n|turn|3\n|\n|t:|1788289552\n|switch|p2a: Sage Harpuia|Iron Valiant|100/100\n|-enditem|p2a: Sage Harpuia|Booster Energy\n|-activate|p2a: Sage Harpuia|ability: Quark Drive|[fromitem]\n|-start|p2a: Sage Harpuia|quarkdrivespe\n|move|p1a: Gliscor|Swords Dance|p1a: Gliscor\n|-boost|p1a: Gliscor|atk|2\n|\n|upkeep\n|turn|4\n|\n|t:|1788289555\n|switch|p1a: Glimmora|Glimmora, F|100/100\n|-damage|p1a: Glimmora|88/100|[from] Spikes\n|move|p2a: Sage Harpuia|Encore||[still]\n|-fail|p2a: Sage Harpuia\n|\n|upkeep\n|turn|5\n|\n|t:|1788289559\n|-end|p2a: Sage Harpuia|Quark Drive|[silent]\n|switch|p2a: Armored Armadillo|Iron Treads|100/100\n|-item|p2a: Armored Armadillo|Air Balloon\n|move|p1a: Glimmora|Earth Power|p2a: Armored Armadillo\n|-immune|p2a: Armored Armadillo\n|\n|upkeep\n|turn|6\n|\n|t:|1788289564\n|move|p2a: Armored Armadillo|Earthquake|p1a: Glimmora\n|-supereffective|p1a: Glimmora\n|-damage|p1a: Glimmora|0 fnt\n|-activate|p1a: Glimmora|ability: Toxic Debris\n|-sidestart|p2: Acastillo631|move: Toxic Spikes\n|faint|p1a: Glimmora\n|\n|upkeep\n|\n|t:|1788289568\n|switch|p1a: Samurott|Samurott-Hisui, M|100/100\n|-damage|p1a: Samurott|88/100|[from] Spikes\n|turn|7\n|\n|t:|1788289572\n|-end|p2a: Armored Armadillo|Quark Drive|[silent]\n|switch|p2a: Redips|Klefki, F|100/100\n|move|p1a: Samurott|Flip Turn|p2a: Redips\n|-crit|p2a: Redips\n|-damage|p2a: Redips|68/100\n|-damage|p1a: Samurott|72/100|[from] item: Rocky Helmet|[of] p2a: Redips\n|\n|t:|1788289574\n|switch|p1a: Gliscor|Gliscor, M|100/100 tox|[from] Flip Turn\n|\n|upkeep\n|turn|8\n|j| negative integrity\n|\n|t:|1788289578\n|switch|p2a: Blade Armor|Samurott-Hisui, M|100/100\n|move|p1a: Gliscor|Swords Dance|p1a: Gliscor\n|-boost|p1a: Gliscor|atk|2\n|\n|upkeep\n|turn|9\n|\n|t:|1788289584\n|-terastallize|p1a: Gliscor|Normal\n|move|p1a: Gliscor|Facade|p2a: Blade Armor\n|-damage|p2a: Blade Armor|0 fnt\n|faint|p2a: Blade Armor\n|\n|upkeep\n|\n|t:|1788289608\n|switch|p2a: Eregion|Tyranitar, M|100/100\n|-status|p2a: Eregion|psn\n|-weather|Sandstorm|[from] ability: Sand Stream|[of] p2a: Eregion\n|turn|10\n|j| Coolcube_3\n|\n|t:|1788289614\n|move|p1a: Gliscor|Knock Off|p2a: Eregion\n|-resisted|p2a: Eregion\n|-damage|p2a: Eregion|83/100 psn\n|-enditem|p2a: Eregion|Leftovers|[from] move: Knock Off|[of] p1a: Gliscor\n|move|p2a: Eregion|Roar|p1a: Gliscor\n|drag|p1a: Samurott|Samurott-Hisui, M|72/100\n|-damage|p1a: Samurott|59/100|[from] Spikes\n|\n|-weather|Sandstorm|[upkeep]\n|-damage|p1a: Samurott|53/100|[from] Sandstorm\n|-damage|p2a: Eregion|71/100 psn|[from] psn\n|upkeep\n|turn|11\n|\n|t:|1788289621\n|switch|p2a: Redips|Klefki, F|68/100\n|move|p1a: Samurott|Razor Shell|p2a: Redips\n|-damage|p2a: Redips|29/100\n|-unboost|p2a: Redips|def|1\n|-damage|p1a: Samurott|36/100|[from] item: Rocky Helmet|[of] p2a: Redips\n|\n|-weather|Sandstorm|[upkeep]\n|-damage|p1a: Samurott|30/100|[from] Sandstorm\n|upkeep\n|turn|12\n|\n|t:|1788289623\n|move|p2a: Redips|Spikes|p1a: Samurott\n|-sidestart|p1: Prav33n|Spikes\n|move|p1a: Samurott|Razor Shell|p2a: Redips|[miss]\n|-miss|p1a: Samurott|p2a: Redips\n|\n|-weather|Sandstorm|[upkeep]\n|-damage|p1a: Samurott|24/100|[from] Sandstorm\n|upkeep\n|turn|13\n|\n|t:|1788289626\n|move|p2a: Redips|Spikes|p1a: Samurott\n|-sidestart|p1: Prav33n|Spikes\n|move|p1a: Samurott|Razor Shell|p2a: Redips\n|-crit|p2a: Redips\n|-damage|p2a: Redips|0 fnt\n|-damage|p1a: Samurott|7/100|[from] item: Rocky Helmet|[of] p2a: Redips\n|faint|p2a: Redips\n|\n|-weather|Sandstorm|[upkeep]\n|-damage|p1a: Samurott|1/100|[from] Sandstorm\n|upkeep\n|\n|t:|1788289630\n|switch|p2a: Armored Armadillo|Iron Treads|100/100\n|-item|p2a: Armored Armadillo|Air Balloon\n|turn|14\n|\n|t:|1788289640\n|move|p1a: Samurott|Razor Shell|p2a: Armored Armadillo\n|-supereffective|p2a: Armored Armadillo\n|-damage|p2a: Armored Armadillo|0 fnt\n|-enditem|p2a: Armored Armadillo|Air Balloon\n|faint|p2a: Armored Armadillo\n|-end|p2a: Armored Armadillo|Quark Drive|[silent]\n|\n|-weather|none\n|upkeep\n|\n|t:|1788289645\n|switch|p2a: Wire Sponge|Sinistcha|100/100\n|turn|15\n|\n|t:|1788289653\n|switch|p1a: Kyurem|Kyurem, shiny|100/100\n|-damage|p1a: Kyurem|76/100|[from] Spikes\n|-ability|p1a: Kyurem|Pressure\n|move|p2a: Wire Sponge|Calm Mind|p2a: Wire Sponge\n|-boost|p2a: Wire Sponge|spa|1\n|-boost|p2a: Wire Sponge|spd|1\n|\n|upkeep\n|turn|16\n|\n|t:|1788289658\n|switch|p2a: Eregion|Tyranitar, M|71/100 psn\n|-weather|Sandstorm|[from] ability: Sand Stream|[of] p2a: Eregion\n|move|p1a: Kyurem|Ice Beam|p2a: Eregion\n|-damage|p2a: Eregion|52/100 psn\n|\n|-weather|Sandstorm|[upkeep]\n|-damage|p1a: Kyurem|69/100|[from] Sandstorm\n|-damage|p2a: Eregion|40/100 psn|[from] psn\n|upkeep\n|turn|17\n|\n|t:|1788289662\n|move|p1a: Kyurem|Focus Blast|p2a: Eregion\n|-supereffective|p2a: Eregion\n|-damage|p2a: Eregion|0 fnt\n|faint|p2a: Eregion\n|\n|-weather|Sandstorm|[upkeep]\n|-damage|p1a: Kyurem|63/100|[from] Sandstorm\n|upkeep\n|\n|t:|1788289667\n|switch|p2a: Sage Harpuia|Iron Valiant|100/100\n|-status|p2a: Sage Harpuia|psn\n|turn|18\n|\n|t:|1788289671\n|switch|p1a: Samurott|Samurott-Hisui, M|1/100\n|-damage|p1a: Samurott|0 fnt|[from] Spikes\n|faint|p1a: Samurott\n|move|p2a: Sage Harpuia|Moonblast|p1: Samurott|[notarget]\n|-fail|p2a: Sage Harpuia\n|\n|-weather|Sandstorm|[upkeep]\n|-damage|p2a: Sage Harpuia|94/100 psn|[from] Sandstorm\n|-damage|p2a: Sage Harpuia|82/100 psn|[from] psn\n|upkeep\n|\n|t:|1788289675\n|switch|p1a: Gholdengo|Gholdengo|100/100\n|-damage|p1a: Gholdengo|76/100|[from] Spikes\n|turn|19\n|\n|t:|1788289677\n|move|p2a: Sage Harpuia|Knock Off|p1a: Gholdengo\n|-supereffective|p1a: Gholdengo\n|-damage|p1a: Gholdengo|15/100\n|-enditem|p1a: Gholdengo|Shuca Berry|[from] move: Knock Off|[of] p2a: Sage Harpuia\n|move|p1a: Gholdengo|Shadow Ball|p2a: Sage Harpuia\n|-damage|p2a: Sage Harpuia|0 fnt\n|faint|p2a: Sage Harpuia\n|-end|p2a: Sage Harpuia|Quark Drive|[silent]\n|\n|-weather|Sandstorm|[upkeep]\n|upkeep\n|-message|Acastillo631 forfeited.\n|\n|win|Prav33n\n|raw|Prav33n's rating: 1657 &rarr; <strong>1677</strong><br />(+20 for winning)\n|raw|Acastillo631's rating: 1665 &rarr; <strong>1645</strong><br />(-20 for losing)\n|l|\u2606Acastillo631\n|player|p2|\n|l|\u2606Prav33n\n|player|p1|\n|l| negative integrity\n|l| Coolcube_3\n", "uploadtime": 1788289687, "views": "1", "formatid": "gen9ou", "rating": 1645, "private": 0, "password": null}