{"id": "gen9ou-2673869788", "format": "[Gen 9] OU", "players": ["fruits_and_veg", "TheLargestLad"], "log": "|j|\u2606fruits_and_veg\n|j|\u2606TheLargestLad\n|t:|1788271036\n|gametype|singles\n|player|p1|fruits_and_veg|waiter-gen4|1378\n|player|p2|TheLargestLad|miku-grass|1431\n|gen|9\n|tier|[Gen 9] OU\n|rated|\n|rule|HP Percentage Mod: HP is shown in percentages\n|rule|Endless Battle Clause: Forcing endless battles is banned\n|rule|Species Clause: Limit one of each Pok\u00e9mon\n|rule|OHKO Clause: OHKO moves are banned\n|rule|Evasion Items Clause: Evasion items are banned\n|rule|Evasion Moves Clause: Evasion moves are banned\n|rule|Evasion Abilities Clause: Evasion abilities are banned\n|rule|Sleep Moves Clause: Sleep-inducing moves are banned\n|clearpoke\n|poke|p1|Primarina, M|\n|poke|p1|Gliscor, M|\n|poke|p1|Ting-Lu|\n|poke|p1|Gholdengo|\n|poke|p1|Dragonite, F|\n|poke|p1|Weavile, M|\n|poke|p2|Raging Bolt|\n|poke|p2|Ogerpon-Wellspring, F|\n|poke|p2|Zamazenta-*|\n|poke|p2|Cresselia, F|\n|poke|p2|Glimmora, M|\n|poke|p2|Kingambit, M|\n|teampreview\n|\n|t:|1788271053\n|teamsize|p1|6\n|teamsize|p2|6\n|start\n|switch|p1a: Gliscor|Gliscor, M|100/100\n|switch|p2a: Glimmora|Glimmora, M|100/100\n|turn|1\n|\n|t:|1788271073\n|move|p1a: Gliscor|Spikes|p2a: Glimmora\n|-sidestart|p2: TheLargestLad|Spikes\n|move|p2a: Glimmora|Stealth Rock|p1a: Gliscor\n|-sidestart|p1: fruits_and_veg|move: Stealth Rock\n|\n|-status|p1a: Gliscor|tox|[from] item: Toxic Orb\n|upkeep\n|turn|2\n|\n|t:|1788271080\n|move|p1a: Gliscor|Spikes|p2a: Glimmora\n|-sidestart|p2: TheLargestLad|Spikes\n|move|p2a: Glimmora|Mortal Spin|p1a: Gliscor\n|-resisted|p1a: Gliscor\n|-damage|p1a: Gliscor|98/100 tox\n|-sideend|p2: TheLargestLad|Spikes|[from] move: Mortal Spin|[of] p2a: Glimmora\n|\n|-heal|p1a: Gliscor|100/100 tox|[from] ability: Poison Heal\n|upkeep\n|turn|3\n|\n|t:|1788271097\n|switch|p1a: Primarina|Primarina, M|100/100\n|-damage|p1a: Primarina|88/100|[from] Stealth Rock\n|switch|p2a: Ogerpon|Ogerpon-Wellspring, F|100/100\n|\n|upkeep\n|turn|4\n|\n|t:|1788271128\n|move|p2a: Ogerpon|Knock Off|p1a: Primarina\n|-resisted|p1a: Primarina\n|-damage|p1a: Primarina|65/100\n|-enditem|p1a: Primarina|Assault Vest|[from] move: Knock Off|[of] p2a: Ogerpon\n|move|p1a: Primarina|Moonblast|p2a: Ogerpon\n|-damage|p2a: Ogerpon|45/100\n|\n|upkeep\n|turn|5\n|\n|t:|1788271148\n|move|p2a: Ogerpon|Power Whip|p1a: Primarina\n|-supereffective|p1a: Primarina\n|-damage|p1a: Primarina|0 fnt\n|faint|p1a: Primarina\n|\n|upkeep\n|\n|t:|1788271167\n|switch|p1a: Gliscor|Gliscor, M|100/100 tox\n|-damage|p1a: Gliscor|88/100 tox|[from] Stealth Rock\n|turn|6\n|\n|t:|1788271177\n|move|p2a: Ogerpon|Taunt|p1a: Gliscor\n|-start|p1a: Gliscor|move: Taunt\n|cant|p1a: Gliscor|move: Taunt|Spikes\n|\n|-heal|p1a: Gliscor|100/100 tox|[from] ability: Poison Heal\n|upkeep\n|turn|7\n|\n|t:|1788271199\n|move|p2a: Ogerpon|Ivy Cudgel|p1a: Gliscor|[anim] Ivy Cudgel Water\n|-supereffective|p1a: Gliscor\n|-damage|p1a: Gliscor|6/100 tox\n|move|p1a: Gliscor|Knock Off|p2a: Ogerpon\n|-damage|p2a: Ogerpon|25/100\n|\n|-heal|p1a: Gliscor|19/100 tox|[from] ability: Poison Heal\n|upkeep\n|turn|8\n|\n|t:|1788271213\n|switch|p1a: Ting-Lu|Ting-Lu|100/100\n|-damage|p1a: Ting-Lu|94/100|[from] Stealth Rock\n|-ability|p1a: Ting-Lu|Vessel of Ruin\n|move|p2a: Ogerpon|Knock Off|p1a: Ting-Lu\n|-resisted|p1a: Ting-Lu\n|-damage|p1a: Ting-Lu|86/100\n|-damage|p2a: Ogerpon|9/100|[from] item: Rocky Helmet|[of] p1a: Ting-Lu\n|-enditem|p1a: Ting-Lu|Rocky Helmet|[from] move: Knock Off|[of] p2a: Ogerpon\n|\n|upkeep\n|turn|9\n|-message|fruits_and_veg forfeited.\n|\n|win|TheLargestLad\n|raw|fruits_and_veg's rating: 1378 &rarr; <strong>1361</strong><br />(-17 for losing)\n|raw|TheLargestLad's rating: 1431 &rarr; <strong>1448</strong><br />(+17 for winning)\n", "uploadtime": 1788271226, "views": "0", "formatid": "gen9ou", "rating": 1361, "private": 0, "password": null}