{"id": "gen9ou-2673997380", "format": "[Gen 9] OU", "players": ["hindus curry", "fus_in_b00ts"], "log": "|j|\u2606hindus curry\n|j|\u2606fus_in_b00ts\n|t:|1788286354\n|gametype|singles\n|player|p1|hindus curry|2|1503\n|player|p2|fus_in_b00ts|2|1448\n|gen|9\n|tier|[Gen 9] OU\n|rated|\n|rule|HP Percentage Mod: HP is shown in percentages\n|rule|Endless Battle Clause: Forcing endless battles is banned\n|rule|Species Clause: Limit one of each Pok\u00e9mon\n|rule|OHKO Clause: OHKO moves are banned\n|rule|Evasion Items Clause: Evasion items are banned\n|rule|Evasion Moves Clause: Evasion moves are banned\n|rule|Evasion Abilities Clause: Evasion abilities are banned\n|rule|Sleep Moves Clause: Sleep-inducing moves are banned\n|clearpoke\n|poke|p1|Slither Wing|\n|poke|p1|Great Tusk|\n|poke|p1|Ninetales, M|\n|poke|p1|Walking Wake|\n|poke|p1|Heatran, M|\n|poke|p1|Whimsicott, M|\n|poke|p2|Kommo-o, M|\n|poke|p2|Ninetales-Alola, F|\n|poke|p2|Rillaboom, F|\n|poke|p2|Serperior, M|\n|poke|p2|Incineroar, M|\n|poke|p2|Gholdengo|\n|teampreview\n|\n|t:|1788286365\n|teamsize|p1|6\n|teamsize|p2|6\n|start\n|switch|p1a: Ninetales|Ninetales, M|100/100\n|switch|p2a: Incineroar|Incineroar, M|100/100\n|-weather|SunnyDay|[from] ability: Drought|[of] p1a: Ninetales\n|-ability|p2a: Incineroar|Intimidate|boost\n|-unboost|p1a: Ninetales|atk|1\n|turn|1\n|inactive|Battle timer is ON: inactive players will automatically lose when time's up. (requested by hindus curry)\n|\n|t:|1788286375\n|switch|p1a: Great Tusk|Great Tusk|100/100\n|-activate|p1a: Great Tusk|ability: Protosynthesis\n|-start|p1a: Great Tusk|protosynthesisspe\n|move|p2a: Incineroar|Parting Shot|p1a: Great Tusk\n|-unboost|p1a: Great Tusk|atk|1\n|-unboost|p1a: Great Tusk|spa|1\n|\n|t:|1788286379\n|switch|p2a: Ninetales|Ninetales-Alola, F|100/100|[from] Parting Shot\n|-weather|Snowscape|[from] ability: Snow Warning|[of] p2a: Ninetales\n|-end|p1a: Great Tusk|Protosynthesis\n|\n|-weather|Snowscape|[upkeep]\n|upkeep\n|turn|2\n|\n|t:|1788286385\n|switch|p2a: Incineroar|Incineroar, M|100/100\n|-ability|p2a: Incineroar|Intimidate|boost\n|-unboost|p1a: Great Tusk|atk|1\n|-end|p1a: Great Tusk|Protosynthesis|[silent]\n|switch|p1a: Ninetales|Ninetales, M|100/100\n|-weather|SunnyDay|[from] ability: Drought|[of] p1a: Ninetales\n|\n|-weather|SunnyDay|[upkeep]\n|upkeep\n|turn|3\n|\n|t:|1788286395\n|switch|p1a: Great Tusk|Great Tusk|100/100\n|-activate|p1a: Great Tusk|ability: Protosynthesis\n|-start|p1a: Great Tusk|protosynthesisspe\n|move|p2a: Incineroar|Parting Shot|p1a: Great Tusk\n|-unboost|p1a: Great Tusk|atk|1\n|-unboost|p1a: Great Tusk|spa|1\n|\n|t:|1788286403\n|switch|p2a: Ninetales|Ninetales-Alola, F|100/100|[from] Parting Shot\n|-weather|Snowscape|[from] ability: Snow Warning|[of] p2a: Ninetales\n|-end|p1a: Great Tusk|Protosynthesis\n|\n|-weather|Snowscape|[upkeep]\n|upkeep\n|turn|4\n|\n|t:|1788286406\n|switch|p2a: Rillaboom|Rillaboom, F|100/100\n|-fieldstart|move: Grassy Terrain|[from] ability: Grassy Surge|[of] p2a: Rillaboom\n|move|p1a: Great Tusk|Headlong Rush|p2a: Rillaboom\n|-resisted|p2a: Rillaboom\n|-damage|p2a: Rillaboom|86/100\n|-unboost|p1a: Great Tusk|def|1\n|-unboost|p1a: Great Tusk|spd|1\n|\n|-weather|Snowscape|[upkeep]\n|-heal|p2a: Rillaboom|92/100|[from] Grassy Terrain\n|upkeep\n|turn|5\n|\n|t:|1788286412\n|-end|p1a: Great Tusk|Protosynthesis|[silent]\n|switch|p1a: Slither Wing|Slither Wing|100/100\n|move|p2a: Rillaboom|U-turn|p1a: Slither Wing\n|-resisted|p1a: Slither Wing\n|-damage|p1a: Slither Wing|86/100\n|\n|t:|1788286420\n|switch|p2a: Incineroar|Incineroar, M|100/100|[from] U-turn\n|-ability|p2a: Incineroar|Intimidate|boost\n|-unboost|p1a: Slither Wing|atk|1\n|\n|-weather|Snowscape|[upkeep]\n|-heal|p1a: Slither Wing|92/100|[from] Grassy Terrain\n|upkeep\n|turn|6\n|\n|t:|1788286423\n|move|p1a: Slither Wing|U-turn|p2a: Incineroar\n|-damage|p2a: Incineroar|81/100\n|\n|t:|1788286425\n|-end|p1a: Slither Wing|Protosynthesis|[silent]\n|switch|p1a: Ninetales|Ninetales, M|100/100|[from] U-turn\n|-weather|SunnyDay|[from] ability: Drought|[of] p1a: Ninetales\n|move|p2a: Incineroar|Parting Shot|p1a: Ninetales\n|-unboost|p1a: Ninetales|atk|1\n|-unboost|p1a: Ninetales|spa|1\n|\n|t:|1788286427\n|switch|p2a: Ninetales|Ninetales-Alola, F|100/100|[from] Parting Shot\n|-weather|Snowscape|[from] ability: Snow Warning|[of] p2a: Ninetales\n|\n|-weather|Snowscape|[upkeep]\n|upkeep\n|turn|7\n|\n|t:|1788286434\n|move|p2a: Ninetales|Aurora Veil|p2a: Ninetales\n|-sidestart|p2: fus_in_b00ts|move: Aurora Veil\n|move|p1a: Ninetales|Will-O-Wisp|p2a: Ninetales\n|-status|p2a: Ninetales|brn\n|\n|-weather|Snowscape|[upkeep]\n|-damage|p2a: Ninetales|95/100 brn|[from] brn\n|upkeep\n|turn|8\n|\n|t:|1788286442\n|switch|p2a: Incineroar|Incineroar, M|81/100\n|-ability|p2a: Incineroar|Intimidate|boost\n|-unboost|p1a: Ninetales|atk|1\n|switch|p1a: Heatran|Heatran, M|100/100\n|-item|p1a: Heatran|Air Balloon\n|\n|-weather|Snowscape|[upkeep]\n|-heal|p2a: Incineroar|87/100|[from] Grassy Terrain\n|upkeep\n|turn|9\n|\n|t:|1788286450\n|move|p1a: Heatran|Stealth Rock|p2a: Incineroar\n|-sidestart|p2: fus_in_b00ts|move: Stealth Rock\n|move|p2a: Incineroar|Parting Shot|p1a: Heatran\n|-unboost|p1a: Heatran|atk|1\n|-unboost|p1a: Heatran|spa|1\n|\n|t:|1788286464\n|switch|p2a: Serperior|Serperior, M|100/100|[from] Parting Shot\n|-damage|p2a: Serperior|88/100|[from] Stealth Rock\n|\n|-weather|Snowscape|[upkeep]\n|-heal|p2a: Serperior|94/100|[from] Grassy Terrain\n|-heal|p2a: Serperior|100/100|[from] item: Leftovers\n|upkeep\n|turn|10\n|\n|t:|1788286468\n|move|p2a: Serperior|Substitute|p2a: Serperior\n|-start|p2a: Serperior|Substitute\n|-damage|p2a: Serperior|76/100\n|move|p1a: Heatran|Taunt|p2a: Serperior\n|-start|p2a: Serperior|move: Taunt\n|\n|-weather|none\n|-heal|p2a: Serperior|82/100|[from] Grassy Terrain\n|-heal|p2a: Serperior|88/100|[from] item: Leftovers\n|upkeep\n|turn|11\n|\n|t:|1788286475\n|switch|p1a: Slither Wing|Slither Wing|92/100\n|move|p2a: Serperior|Leaf Storm|p1a: Slither Wing\n|-resisted|p1a: Slither Wing\n|-damage|p1a: Slither Wing|83/100\n|-boost|p2a: Serperior|spa|2\n|\n|-heal|p2a: Serperior|94/100|[from] Grassy Terrain\n|-heal|p2a: Serperior|100/100|[from] item: Leftovers\n|-heal|p1a: Slither Wing|89/100|[from] Grassy Terrain\n|-fieldend|move: Grassy Terrain\n|upkeep\n|turn|12\n|\n|t:|1788286478\n|move|p2a: Serperior|Leaf Storm|p1a: Slither Wing|[miss]\n|-miss|p2a: Serperior|p1a: Slither Wing\n|move|p1a: Slither Wing|U-turn|p2a: Serperior\n|-supereffective|p2a: Serperior\n|-end|p2a: Serperior|Substitute\n|\n|t:|1788286491\n|-end|p1a: Slither Wing|Protosynthesis|[silent]\n|switch|p1a: Heatran|Heatran, M|100/100|[from] U-turn\n|-item|p1a: Heatran|Air Balloon\n|\n|upkeep\n|turn|13\n|\n|t:|1788286499\n|move|p2a: Serperior|Leaf Storm|p1a: Heatran\n|-resisted|p1a: Heatran\n|-damage|p1a: Heatran|83/100\n|-boost|p2a: Serperior|spa|2\n|-enditem|p1a: Heatran|Air Balloon\n|move|p1a: Heatran|Magma Storm|p2a: Serperior\n|-supereffective|p2a: Serperior\n|-damage|p2a: Serperior|35/100\n|-activate|p2a: Serperior|move: Magma Storm|[of] p1a: Heatran\n|\n|-heal|p2a: Serperior|41/100|[from] item: Leftovers\n|-damage|p2a: Serperior|28/100|[from] move: Magma Storm|[partiallytrapped]\n|-end|p2a: Serperior|move: Taunt\n|upkeep\n|turn|14\n|\n|t:|1788286513\n|switch|p1a: Slither Wing|Slither Wing|89/100\n|move|p2a: Serperior|Substitute|p2a: Serperior\n|-start|p2a: Serperior|Substitute\n|-end|p2a: Serperior|Magma Storm|[partiallytrapped]|[silent]\n|-damage|p2a: Serperior|4/100\n|\n|-heal|p2a: Serperior|10/100|[from] item: Leftovers\n|-sideend|p2: fus_in_b00ts|move: Aurora Veil\n|upkeep\n|turn|15\n|\n|t:|1788286523\n|move|p2a: Serperior|Glare|p1a: Slither Wing\n|-status|p1a: Slither Wing|par\n|move|p1a: Slither Wing|U-turn|p2a: Serperior\n|-supereffective|p2a: Serperior\n|-end|p2a: Serperior|Substitute\n|\n|t:|1788286526\n|-end|p1a: Slither Wing|Protosynthesis|[silent]\n|switch|p1a: Ninetales|Ninetales, M|100/100|[from] U-turn\n|-weather|SunnyDay|[from] ability: Drought|[of] p1a: Ninetales\n|\n|-weather|SunnyDay|[upkeep]\n|-heal|p2a: Serperior|16/100|[from] item: Leftovers\n|upkeep\n|turn|16\n|\n|t:|1788286534\n|switch|p1a: Whimsicott|Whimsicott, M|100/100\n|move|p2a: Serperior|Leaf Storm|p1a: Whimsicott\n|-resisted|p1a: Whimsicott\n|-damage|p1a: Whimsicott|19/100\n|-boost|p2a: Serperior|spa|2\n|\n|-weather|SunnyDay|[upkeep]\n|-heal|p2a: Serperior|22/100|[from] item: Leftovers\n|upkeep\n|turn|17\n|\n|t:|1788286543\n|switch|p2a: Gholdengo|Gholdengo|100/100\n|-damage|p2a: Gholdengo|94/100|[from] Stealth Rock\n|move|p1a: Whimsicott|U-turn|p2a: Gholdengo\n|-resisted|p2a: Gholdengo\n|-damage|p2a: Gholdengo|92/100\n|\n|t:|1788286549\n|switch|p1a: Walking Wake|Walking Wake|100/100|[from] U-turn\n|-activate|p1a: Walking Wake|ability: Protosynthesis\n|-start|p1a: Walking Wake|protosynthesisspa\n|\n|-weather|SunnyDay|[upkeep]\n|upkeep\n|turn|18\n|inactive|fus_in_b00ts has 120 seconds left.\n|\n|t:|1788286580\n|switch|p2a: Incineroar|Incineroar, M|87/100\n|-damage|p2a: Incineroar|62/100|[from] Stealth Rock\n|-ability|p2a: Incineroar|Intimidate|boost\n|-unboost|p1a: Walking Wake|atk|1\n|move|p1a: Walking Wake|Hydro Steam|p2a: Incineroar\n|-supereffective|p2a: Incineroar\n|-damage|p2a: Incineroar|0 fnt\n|faint|p2a: Incineroar\n|\n|-weather|SunnyDay|[upkeep]\n|upkeep\n|inactive|fus_in_b00ts has 120 seconds left.\n|\n|t:|1788286587\n|switch|p2a: Ninetales|Ninetales-Alola, F|95/100 brn\n|-damage|p2a: Ninetales|70/100 brn|[from] Stealth Rock\n|-weather|Snowscape|[from] ability: Snow Warning|[of] p2a: Ninetales\n|-end|p1a: Walking Wake|Protosynthesis\n|turn|19\n|\n|t:|1788286615\n|switch|p2a: Rillaboom|Rillaboom, F|92/100\n|-damage|p2a: Rillaboom|80/100|[from] Stealth Rock\n|-fieldstart|move: Grassy Terrain|[from] ability: Grassy Surge|[of] p2a: Rillaboom\n|-end|p1a: Walking Wake|Protosynthesis|[silent]\n|switch|p1a: Ninetales|Ninetales, M|100/100\n|-weather|SunnyDay|[from] ability: Drought|[of] p1a: Ninetales\n|\n|-weather|SunnyDay|[upkeep]\n|-heal|p2a: Rillaboom|86/100|[from] Grassy Terrain\n|upkeep\n|turn|20\n|\n|t:|1788286624\n|switch|p1a: Slither Wing|Slither Wing|89/100 par\n|-activate|p1a: Slither Wing|ability: Protosynthesis\n|-start|p1a: Slither Wing|protosynthesisspd\n|move|p2a: Rillaboom|U-turn|p1a: Slither Wing\n|-resisted|p1a: Slither Wing\n|-damage|p1a: Slither Wing|74/100 par\n|inactive|fus_in_b00ts has 120 seconds left.\n|\n|t:|1788286640\n|switch|p2a: Gholdengo|Gholdengo|92/100|[from] U-turn\n|-damage|p2a: Gholdengo|86/100|[from] Stealth Rock\n|\n|-weather|SunnyDay|[upkeep]\n|-heal|p2a: Gholdengo|92/100|[from] Grassy Terrain\n|-heal|p1a: Slither Wing|80/100 par|[from] Grassy Terrain\n|upkeep\n|turn|21\n|\n|t:|1788286645\n|move|p2a: Gholdengo|Make It Rain|p1a: Slither Wing\n|-damage|p1a: Slither Wing|58/100 par\n|-unboost|p2a: Gholdengo|spa|1\n|move|p1a: Slither Wing|U-turn|p2a: Gholdengo\n|-resisted|p2a: Gholdengo\n|-damage|p2a: Gholdengo|84/100\n|\n|t:|1788286650\n|-end|p1a: Slither Wing|Protosynthesis|[silent]\n|switch|p1a: Walking Wake|Walking Wake|100/100|[from] U-turn\n|-activate|p1a: Walking Wake|ability: Protosynthesis\n|-start|p1a: Walking Wake|protosynthesisspa\n|\n|-weather|SunnyDay|[upkeep]\n|-heal|p2a: Gholdengo|90/100|[from] Grassy Terrain\n|upkeep\n|turn|22\n|\n|t:|1788286659\n|switch|p2a: Rillaboom|Rillaboom, F|86/100\n|-damage|p2a: Rillaboom|74/100|[from] Stealth Rock\n|move|p1a: Walking Wake|Flamethrower|p2a: Rillaboom\n|-supereffective|p2a: Rillaboom\n|-damage|p2a: Rillaboom|0 fnt\n|faint|p2a: Rillaboom\n|\n|-weather|SunnyDay|[upkeep]\n|upkeep\n|\n|t:|1788286667\n|switch|p2a: Ninetales|Ninetales-Alola, F|70/100 brn\n|-damage|p2a: Ninetales|45/100 brn|[from] Stealth Rock\n|-weather|Snowscape|[from] ability: Snow Warning|[of] p2a: Ninetales\n|-end|p1a: Walking Wake|Protosynthesis\n|turn|23\n|\n|t:|1788286672\n|switch|p2a: Serperior|Serperior, M|22/100\n|-damage|p2a: Serperior|10/100|[from] Stealth Rock\n|-end|p1a: Walking Wake|Protosynthesis|[silent]\n|switch|p1a: Ninetales|Ninetales, M|100/100\n|-weather|SunnyDay|[from] ability: Drought|[of] p1a: Ninetales\n|\n|-weather|SunnyDay|[upkeep]\n|-heal|p2a: Serperior|16/100|[from] Grassy Terrain\n|-heal|p2a: Serperior|22/100|[from] item: Leftovers\n|upkeep\n|turn|24\n|\n|t:|1788286683\n|move|p2a: Serperior|Leech Seed|p1a: Ninetales\n|-start|p1a: Ninetales|move: Leech Seed\n|move|p1a: Ninetales|Weather Ball|p2a: Serperior\n|-supereffective|p2a: Serperior\n|-damage|p2a: Serperior|0 fnt\n|faint|p2a: Serperior\n|\n|-weather|SunnyDay|[upkeep]\n|upkeep\n|\n|t:|1788286688\n|switch|p2a: Ninetales|Ninetales-Alola, F|45/100 brn\n|-damage|p2a: Ninetales|20/100 brn|[from] Stealth Rock\n|-weather|Snowscape|[from] ability: Snow Warning|[of] p2a: Ninetales\n|turn|25\n|\n|t:|1788286706\n|switch|p1a: Heatran|Heatran, M|83/100\n|move|p2a: Ninetales|Aurora Veil|p2a: Ninetales\n|-sidestart|p2: fus_in_b00ts|move: Aurora Veil\n|\n|-weather|Snowscape|[upkeep]\n|-heal|p2a: Ninetales|26/100 brn|[from] Grassy Terrain\n|-heal|p1a: Heatran|90/100|[from] Grassy Terrain\n|-damage|p2a: Ninetales|20/100 brn|[from] brn\n|upkeep\n|turn|26\n|\n|t:|1788286717\n|switch|p2a: Gholdengo|Gholdengo|90/100\n|-damage|p2a: Gholdengo|84/100|[from] Stealth Rock\n|move|p1a: Heatran|Taunt|p2a: Gholdengo\n|-immune|p2a: Gholdengo|[from] ability: Good as Gold\n|\n|-weather|Snowscape|[upkeep]\n|-heal|p2a: Gholdengo|90/100|[from] Grassy Terrain\n|-heal|p1a: Heatran|96/100|[from] Grassy Terrain\n|-fieldend|move: Grassy Terrain\n|upkeep\n|turn|27\n|\n|t:|1788286724\n|move|p2a: Gholdengo|Trick|p1a: Heatran\n|-activate|p2a: Gholdengo|move: Trick|[of] p1a: Heatran\n|-item|p1a: Heatran|Choice Scarf|[from] move: Trick\n|-enditem|p2a: Gholdengo|Choice Scarf|[silent]|[from] move: Trick\n|move|p1a: Heatran|Magma Storm|p2a: Gholdengo\n|-supereffective|p2a: Gholdengo\n|-damage|p2a: Gholdengo|29/100\n|-activate|p2a: Gholdengo|move: Magma Storm|[of] p1a: Heatran\n|\n|-weather|Snowscape|[upkeep]\n|-damage|p2a: Gholdengo|17/100|[from] move: Magma Storm|[partiallytrapped]\n|upkeep\n|turn|28\n|\n|t:|1788286729\n|move|p1a: Heatran|Magma Storm|p2a: Gholdengo|[miss]\n|-miss|p1a: Heatran|p2a: Gholdengo\n|move|p2a: Gholdengo|Memento|p1a: Heatran\n|-unboost|p1a: Heatran|atk|2\n|-unboost|p1a: Heatran|spa|2\n|faint|p2a: Gholdengo\n|\n|-weather|Snowscape|[upkeep]\n|upkeep\n|\n|t:|1788286735\n|switch|p2a: Kommo-o|Kommo-o, M|100/100\n|-damage|p2a: Kommo-o|94/100|[from] Stealth Rock\n|turn|29\n|\n|t:|1788286742\n|switch|p1a: Ninetales|Ninetales, M|100/100\n|-weather|SunnyDay|[from] ability: Drought|[of] p1a: Ninetales\n|move|p2a: Kommo-o|Clangorous Soul|p2a: Kommo-o\n|-boost|p2a: Kommo-o|atk|1\n|-boost|p2a: Kommo-o|def|1\n|-boost|p2a: Kommo-o|spa|1\n|-boost|p2a: Kommo-o|spd|1\n|-boost|p2a: Kommo-o|spe|1\n|-damage|p2a: Kommo-o|61/100\n|\n|-weather|SunnyDay|[upkeep]\n|-heal|p2a: Kommo-o|68/100|[from] item: Leftovers\n|upkeep\n|turn|30\n|\n|t:|1788286759\n|move|p2a: Kommo-o|Substitute|p2a: Kommo-o\n|-start|p2a: Kommo-o|Substitute\n|-damage|p2a: Kommo-o|43/100\n|move|p1a: Ninetales|Will-O-Wisp||[still]\n|-fail|p1a: Ninetales\n|\n|-weather|SunnyDay|[upkeep]\n|-heal|p2a: Kommo-o|49/100|[from] item: Leftovers\n|upkeep\n|turn|31\n|\n|t:|1788286767\n|move|p2a: Kommo-o|Drain Punch|p1a: Ninetales\n|-damage|p1a: Ninetales|34/100\n|-heal|p2a: Kommo-o|89/100|[from] drain|[of] p1a: Ninetales\n|move|p1a: Ninetales|Encore|p2a: Kommo-o\n|-start|p2a: Kommo-o|Encore\n|\n|-weather|SunnyDay|[upkeep]\n|-heal|p2a: Kommo-o|95/100|[from] item: Leftovers\n|upkeep\n|turn|32\n|\n|t:|1788286780\n|move|p2a: Kommo-o|Drain Punch|p1a: Ninetales\n|-damage|p1a: Ninetales|0 fnt\n|-heal|p2a: Kommo-o|100/100|[from] drain|[of] p1a: Ninetales\n|faint|p1a: Ninetales\n|\n|-weather|SunnyDay|[upkeep]\n|-sideend|p2: fus_in_b00ts|move: Aurora Veil\n|upkeep\n|\n|t:|1788286783\n|switch|p1a: Great Tusk|Great Tusk|100/100\n|-activate|p1a: Great Tusk|ability: Protosynthesis\n|-start|p1a: Great Tusk|protosynthesisspe\n|turn|33\n|\n|t:|1788286791\n|move|p1a: Great Tusk|Bulk Up|p1a: Great Tusk\n|-boost|p1a: Great Tusk|atk|1\n|-boost|p1a: Great Tusk|def|1\n|move|p2a: Kommo-o|Drain Punch|p1a: Great Tusk\n|-damage|p1a: Great Tusk|78/100\n|\n|-weather|SunnyDay|[upkeep]\n|-heal|p1a: Great Tusk|84/100|[from] item: Leftovers\n|upkeep\n|turn|34\n|\n|t:|1788286800\n|move|p1a: Great Tusk|Ice Spinner|p2a: Kommo-o\n|-supereffective|p2a: Kommo-o\n|-end|p2a: Kommo-o|Substitute\n|move|p2a: Kommo-o|Drain Punch|p1a: Great Tusk\n|-damage|p1a: Great Tusk|62/100\n|\n|-weather|SunnyDay|[upkeep]\n|-heal|p1a: Great Tusk|68/100|[from] item: Leftovers\n|-end|p2a: Kommo-o|Encore\n|upkeep\n|turn|35\n|\n|t:|1788286815\n|-end|p1a: Great Tusk|Protosynthesis|[silent]\n|switch|p1a: Whimsicott|Whimsicott, M|19/100\n|move|p2a: Kommo-o|Clangorous Soul|p2a: Kommo-o\n|-boost|p2a: Kommo-o|atk|1\n|-boost|p2a: Kommo-o|def|1\n|-boost|p2a: Kommo-o|spa|1\n|-boost|p2a: Kommo-o|spd|1\n|-boost|p2a: Kommo-o|spe|1\n|-damage|p2a: Kommo-o|68/100\n|\n|-weather|SunnyDay|[upkeep]\n|-heal|p2a: Kommo-o|74/100|[from] item: Leftovers\n|upkeep\n|turn|36\n|\n|t:|1788286820\n|move|p1a: Whimsicott|Switcheroo|p2a: Kommo-o\n|-activate|p1a: Whimsicott|move: Trick|[of] p2a: Kommo-o\n|-item|p2a: Kommo-o|Choice Specs|[from] move: Switcheroo\n|-item|p1a: Whimsicott|Leftovers|[from] move: Switcheroo\n|move|p2a: Kommo-o|Drain Punch|p1a: Whimsicott\n|-resisted|p1a: Whimsicott\n|-damage|p1a: Whimsicott|0 fnt\n|-heal|p2a: Kommo-o|82/100|[from] drain|[of] p1a: Whimsicott\n|faint|p1a: Whimsicott\n|\n|-weather|none\n|upkeep\n|l|\u2606hindus curry\n|inactive|hindus curry disconnected and has a minute to reconnect!\n|player|p1|\n|inactive|hindus curry has 30 seconds to reconnect!\n|inactive|hindus curry has 20 seconds to reconnect!\n|inactive|hindus curry has 15 seconds to reconnect!\n|inactive|hindus curry has 10 seconds to reconnect!\n|inactive|hindus curry has 5 seconds to reconnect!\n|-message|hindus curry lost due to inactivity.\n|\n|win|fus_in_b00ts\n|raw|hindus curry's rating: 1503 &rarr; <strong>1480</strong><br />(-23 for losing)\n|raw|fus_in_b00ts's rating: 1448 &rarr; <strong>1471</strong><br />(+23 for winning)\n|l|\u2606fus_in_b00ts\n|player|p2|\n", "uploadtime": 1788287108, "views": "0", "formatid": "gen9ou", "rating": 1471, "private": 0, "password": null}