{"id": "gen9ou-2673930229", "format": "[Gen 9] OU", "players": ["Agent Zyn7", "real regals"], "log": "|j|\u2606Agent Zyn7\n|j|\u2606real regals\n|t:|1788278445\n|gametype|singles\n|player|p1|Agent Zyn7|elesa|1705\n|player|p2|real regals|boarder-gen2|1700\n|gen|9\n|tier|[Gen 9] OU\n|rated|\n|rule|HP Percentage Mod: HP is shown in percentages\n|rule|Endless Battle Clause: Forcing endless battles is banned\n|rule|Species Clause: Limit one of each Pok\u00e9mon\n|rule|OHKO Clause: OHKO moves are banned\n|rule|Evasion Items Clause: Evasion items are banned\n|rule|Evasion Moves Clause: Evasion moves are banned\n|rule|Evasion Abilities Clause: Evasion abilities are banned\n|rule|Sleep Moves Clause: Sleep-inducing moves are banned\n|clearpoke\n|poke|p1|Pelipper, M|\n|poke|p1|Zamazenta-*|\n|poke|p1|Manaphy|\n|poke|p1|Rillaboom, M|\n|poke|p1|Cresselia, F|\n|poke|p1|Raging Bolt|\n|poke|p2|Blaziken, M|\n|poke|p2|Ogerpon-Wellspring, F|\n|poke|p2|Ting-Lu|\n|poke|p2|Dragonite, M|\n|poke|p2|Iron Moth|\n|poke|p2|Gholdengo|\n|teampreview\n|\n|t:|1788278466\n|teamsize|p1|6\n|teamsize|p2|6\n|start\n|switch|p1a: Cardi Z|Zamazenta, shiny|100/100\n|switch|p2a: Ting-Lu|Ting-Lu|100/100\n|-ability|p1a: Cardi Z|Dauntless Shield|boost\n|-boost|p1a: Cardi Z|def|1\n|-ability|p2a: Ting-Lu|Vessel of Ruin\n|turn|1\n|\n|t:|1788278473\n|move|p1a: Cardi Z|Reflect|p1a: Cardi Z\n|-sidestart|p1: Agent Zyn7|Reflect\n|move|p2a: Ting-Lu|Earthquake|p1a: Cardi Z\n|-damage|p1a: Cardi Z|92/100\n|\n|upkeep\n|turn|2\n|\n|t:|1788278476\n|move|p1a: Cardi Z|Body Press|p2a: Ting-Lu\n|-supereffective|p2a: Ting-Lu\n|-damage|p2a: Ting-Lu|34/100\n|-enditem|p2a: Ting-Lu|Weakness Policy\n|-boost|p2a: Ting-Lu|atk|2|[from] item: Weakness Policy\n|-boost|p2a: Ting-Lu|spa|2|[from] item: Weakness Policy\n|move|p2a: Ting-Lu|Stealth Rock|p1a: Cardi Z\n|-sidestart|p1: Agent Zyn7|move: Stealth Rock\n|\n|upkeep\n|turn|3\n|inactive|Battle timer is ON: inactive players will automatically lose when time's up. (requested by real regals)\n|\n|t:|1788278506\n|switch|p2a: Gholdengo|Gholdengo|100/100\n|-item|p2a: Gholdengo|Air Balloon\n|move|p1a: Cardi Z|Body Press|p2a: Gholdengo\n|-immune|p2a: Gholdengo\n|\n|upkeep\n|turn|4\n|j| Whomps1232\n|\n|t:|1788278511\n|move|p1a: Cardi Z|Light Screen|p1a: Cardi Z\n|-sidestart|p1: Agent Zyn7|move: Light Screen\n|move|p2a: Gholdengo|Nasty Plot|p2a: Gholdengo\n|-boost|p2a: Gholdengo|spa|2\n|\n|upkeep\n|turn|5\n|\n|t:|1788278520\n|switch|p1a: Throat Goat|Raging Bolt|100/100\n|-damage|p1a: Throat Goat|88/100|[from] Stealth Rock\n|-enditem|p1a: Throat Goat|Booster Energy\n|-activate|p1a: Throat Goat|ability: Protosynthesis|[fromitem]\n|-start|p1a: Throat Goat|protosynthesisspa\n|move|p2a: Gholdengo|Nasty Plot|p2a: Gholdengo\n|-boost|p2a: Gholdengo|spa|2\n|\n|upkeep\n|turn|6\n|\n|t:|1788278526\n|move|p2a: Gholdengo|Shadow Ball|p1a: Throat Goat\n|-damage|p1a: Throat Goat|31/100\n|move|p1a: Throat Goat|Thunderbolt|p2a: Gholdengo\n|-crit|p2a: Gholdengo\n|-damage|p2a: Gholdengo|0 fnt\n|-enditem|p2a: Gholdengo|Air Balloon\n|faint|p2a: Gholdengo\n|\n|upkeep\n|l| Whomps1232\n|\n|t:|1788278542\n|switch|p2a: Dragonite|Dragonite, M|100/100\n|turn|7\n|\n|t:|1788278548\n|move|p2a: Dragonite|Earthquake|p1a: Throat Goat\n|-supereffective|p1a: Throat Goat\n|-damage|p1a: Throat Goat|0 fnt\n|faint|p1a: Throat Goat\n|-end|p1a: Throat Goat|Protosynthesis|[silent]\n|\n|upkeep\n|\n|t:|1788278551\n|switch|p1a: Wet Ass Pelipper|Pelipper, M|100/100\n|-damage|p1a: Wet Ass Pelipper|76/100|[from] Stealth Rock\n|-weather|RainDance|[from] ability: Drizzle|[of] p1a: Wet Ass Pelipper\n|turn|8\n|\n|t:|1788278560\n|switch|p2a: Ting-Lu|Ting-Lu|34/100\n|-ability|p2a: Ting-Lu|Vessel of Ruin\n|move|p1a: Wet Ass Pelipper|U-turn|p2a: Ting-Lu\n|-supereffective|p2a: Ting-Lu\n|-damage|p2a: Ting-Lu|22/100\n|\n|t:|1788278567\n|switch|p1a: Cardi Z|Zamazenta, shiny|92/100|[from] U-turn\n|-damage|p1a: Cardi Z|86/100|[from] Stealth Rock\n|\n|-weather|RainDance|[upkeep]\n|-sideend|p1: Agent Zyn7|Reflect\n|upkeep\n|turn|9\n|\n|t:|1788278571\n|move|p1a: Cardi Z|Body Press|p2a: Ting-Lu\n|-supereffective|p2a: Ting-Lu\n|-damage|p2a: Ting-Lu|0 fnt\n|faint|p2a: Ting-Lu\n|\n|-weather|RainDance|[upkeep]\n|upkeep\n|\n|t:|1788278576\n|switch|p2a: Ogerpon|Ogerpon-Wellspring, F|100/100\n|turn|10\n|\n|t:|1788278578\n|move|p1a: Cardi Z|Reflect|p1a: Cardi Z\n|-sidestart|p1: Agent Zyn7|Reflect\n|move|p2a: Ogerpon|Encore|p1a: Cardi Z\n|-start|p1a: Cardi Z|Encore\n|\n|-weather|RainDance|[upkeep]\n|upkeep\n|turn|11\n|\n|t:|1788278584\n|switch|p1a: Rillaboom|Rillaboom, M|100/100\n|-damage|p1a: Rillaboom|88/100|[from] Stealth Rock\n|-fieldstart|move: Grassy Terrain|[from] ability: Grassy Surge|[of] p1a: Rillaboom\n|move|p2a: Ogerpon|Knock Off|p1a: Rillaboom\n|-crit|p1a: Rillaboom\n|-damage|p1a: Rillaboom|23/100\n|-enditem|p1a: Rillaboom|Life Orb|[from] move: Knock Off|[of] p2a: Ogerpon\n|\n|-weather|RainDance|[upkeep]\n|-heal|p1a: Rillaboom|29/100|[from] Grassy Terrain\n|-sideend|p1: Agent Zyn7|move: Light Screen\n|upkeep\n|turn|12\n|\n|t:|1788278588\n|move|p1a: Rillaboom|Grassy Glide|p2a: Ogerpon\n|-damage|p2a: Ogerpon|48/100\n|move|p2a: Ogerpon|Ivy Cudgel|p1a: Rillaboom|[anim] Ivy Cudgel Water\n|-resisted|p1a: Rillaboom\n|-crit|p1a: Rillaboom\n|-damage|p1a: Rillaboom|0 fnt\n|faint|p1a: Rillaboom\n|\n|-weather|RainDance|[upkeep]\n|-heal|p2a: Ogerpon|54/100|[from] Grassy Terrain\n|upkeep\n|\n|t:|1788278598\n|switch|p1a: Make It Drop|Manaphy|100/100\n|-damage|p1a: Make It Drop|88/100|[from] Stealth Rock\n|turn|13\n|\n|t:|1788278602\n|move|p2a: Ogerpon|Power Whip|p1a: Make It Drop\n|-supereffective|p1a: Make It Drop\n|-damage|p1a: Make It Drop|3/100\n|move|p1a: Make It Drop|Tail Glow|p1a: Make It Drop\n|-boost|p1a: Make It Drop|spa|3\n|\n|-weather|RainDance|[upkeep]\n|-heal|p2a: Ogerpon|60/100|[from] Grassy Terrain\n|-heal|p1a: Make It Drop|9/100|[from] Grassy Terrain\n|upkeep\n|turn|14\n|j| Whomps1232\n|\n|t:|1788278612\n|move|p2a: Ogerpon|Ivy Cudgel|p1a: Make It Drop|[anim] Ivy Cudgel Water\n|-resisted|p1a: Make It Drop\n|-crit|p1a: Make It Drop\n|-damage|p1a: Make It Drop|0 fnt\n|faint|p1a: Make It Drop\n|\n|-weather|RainDance|[upkeep]\n|-heal|p2a: Ogerpon|66/100|[from] Grassy Terrain\n|upkeep\n|\n|t:|1788278618\n|switch|p1a: Cardi Z|Zamazenta, shiny|86/100\n|-damage|p1a: Cardi Z|80/100|[from] Stealth Rock\n|turn|15\n|\n|t:|1788278627\n|move|p1a: Cardi Z|Body Press|p2a: Ogerpon\n|-damage|p2a: Ogerpon|14/100\n|move|p2a: Ogerpon|Encore|p1a: Cardi Z\n|-start|p1a: Cardi Z|Encore\n|\n|-weather|none\n|-heal|p1a: Cardi Z|86/100|[from] Grassy Terrain\n|-heal|p2a: Ogerpon|20/100|[from] Grassy Terrain\n|-fieldend|move: Grassy Terrain\n|upkeep\n|turn|16\n|\n|t:|1788278631\n|switch|p2a: Iron Moth|Iron Moth|100/100\n|-enditem|p2a: Iron Moth|Booster Energy\n|-activate|p2a: Iron Moth|ability: Quark Drive|[fromitem]\n|-start|p2a: Iron Moth|quarkdrivespe\n|move|p1a: Cardi Z|Body Press|p2a: Iron Moth\n|-resisted|p2a: Iron Moth\n|-damage|p2a: Iron Moth|73/100\n|\n|upkeep\n|turn|17\n|\n|t:|1788278634\n|switch|p1a: Wet Ass Pelipper|Pelipper, M|76/100\n|-damage|p1a: Wet Ass Pelipper|51/100|[from] Stealth Rock\n|-weather|RainDance|[from] ability: Drizzle|[of] p1a: Wet Ass Pelipper\n|move|p2a: Iron Moth|Fiery Dance|p1a: Wet Ass Pelipper\n|-resisted|p1a: Wet Ass Pelipper\n|-damage|p1a: Wet Ass Pelipper|36/100\n|-boost|p2a: Iron Moth|spa|1\n|\n|-weather|RainDance|[upkeep]\n|-sideend|p1: Agent Zyn7|Reflect\n|upkeep\n|turn|18\n|\n|t:|1788278638\n|move|p2a: Iron Moth|Sludge Wave|p1a: Wet Ass Pelipper\n|-damage|p1a: Wet Ass Pelipper|0 fnt\n|faint|p1a: Wet Ass Pelipper\n|\n|-weather|RainDance|[upkeep]\n|upkeep\n|\n|t:|1788278639\n|switch|p1a: Crescent|Cresselia, F, shiny|100/100\n|-damage|p1a: Crescent|88/100|[from] Stealth Rock\n|turn|19\n|\n|t:|1788278646\n|move|p1a: Crescent|Substitute|p1a: Crescent\n|-start|p1a: Crescent|Substitute\n|-damage|p1a: Crescent|63/100\n|move|p2a: Iron Moth|Whirlwind|p1a: Crescent\n|drag|p1a: Cardi Z|Zamazenta, shiny|86/100\n|-damage|p1a: Cardi Z|80/100|[from] Stealth Rock\n|\n|-weather|RainDance|[upkeep]\n|upkeep\n|turn|20\n|j| shyahngyoo\n|\n|t:|1788278652\n|move|p2a: Iron Moth|Fiery Dance|p1a: Cardi Z\n|-damage|p1a: Cardi Z|54/100\n|-boost|p2a: Iron Moth|spa|1\n|move|p1a: Cardi Z|Light Screen|p1a: Cardi Z\n|-sidestart|p1: Agent Zyn7|move: Light Screen\n|\n|-weather|RainDance|[upkeep]\n|upkeep\n|turn|21\n|\n|t:|1788278656\n|move|p2a: Iron Moth|Fiery Dance|p1a: Cardi Z\n|-damage|p1a: Cardi Z|37/100\n|-boost|p2a: Iron Moth|spa|1\n|move|p1a: Cardi Z|Body Press|p2a: Iron Moth\n|-resisted|p2a: Iron Moth\n|-damage|p2a: Iron Moth|48/100\n|\n|-weather|RainDance|[upkeep]\n|upkeep\n|turn|22\n|\n|t:|1788278662\n|move|p2a: Iron Moth|Fiery Dance|p1a: Cardi Z\n|-damage|p1a: Cardi Z|14/100\n|-boost|p2a: Iron Moth|spa|1\n|move|p1a: Cardi Z|Body Press|p2a: Iron Moth\n|-resisted|p2a: Iron Moth\n|-damage|p2a: Iron Moth|21/100\n|\n|-weather|RainDance|[upkeep]\n|upkeep\n|turn|23\n|-message|Agent Zyn7 forfeited.\n|\n|win|real regals\n|raw|Agent Zyn7's rating: 1705 &rarr; <strong>1685</strong><br />(-20 for losing)\n|raw|real regals's rating: 1700 &rarr; <strong>1720</strong><br />(+20 for winning)\n|l|\u2606Agent Zyn7\n|player|p1|\n|l| Whomps1232\n", "uploadtime": 1788278776, "views": "0", "formatid": "gen9ou", "rating": 1685, "private": 0, "password": null}