{"id": "gen9ou-2673906168", "format": "[Gen 9] OU", "players": ["dubiousnucleus", "marceeisanut"], "log": "|j|\u2606dubiousnucleus\n|j|\u2606marceeisanut\n|t:|1788275545\n|gametype|singles\n|player|p1|dubiousnucleus|roughneck|1348\n|player|p2|marceeisanut|skierf-gen4dp|1371\n|gen|9\n|tier|[Gen 9] OU\n|rated|\n|rule|HP Percentage Mod: HP is shown in percentages\n|rule|Endless Battle Clause: Forcing endless battles is banned\n|rule|Species Clause: Limit one of each Pok\u00e9mon\n|rule|OHKO Clause: OHKO moves are banned\n|rule|Evasion Items Clause: Evasion items are banned\n|rule|Evasion Moves Clause: Evasion moves are banned\n|rule|Evasion Abilities Clause: Evasion abilities are banned\n|rule|Sleep Moves Clause: Sleep-inducing moves are banned\n|clearpoke\n|poke|p1|Pelipper, F|\n|poke|p1|Scizor, F|\n|poke|p1|Thundurus-Therian, M|\n|poke|p1|Basculegion, M|\n|poke|p1|Great Tusk|\n|poke|p1|Hoopa-Unbound|\n|poke|p2|Landorus-Therian, M|\n|poke|p2|Kingambit, M|\n|poke|p2|Blaziken, M|\n|poke|p2|Samurott-Hisui, F|\n|poke|p2|Iron Valiant|\n|poke|p2|Iron Moth|\n|teampreview\n|inactive|Battle timer is ON: inactive players will automatically lose when time's up. (requested by marceeisanut)\n|\n|t:|1788275568\n|teamsize|p1|6\n|teamsize|p2|6\n|start\n|switch|p1a: Green Gulper|Pelipper, F, shiny|100/100\n|switch|p2a: Samurott|Samurott-Hisui, F|100/100\n|-weather|RainDance|[from] ability: Drizzle|[of] p1a: Green Gulper\n|turn|1\n|\n|t:|1788275571\n|move|p2a: Samurott|Ceaseless Edge|p1a: Green Gulper|[miss]\n|-miss|p2a: Samurott|p1a: Green Gulper\n|move|p1a: Green Gulper|U-turn|p2a: Samurott\n|-supereffective|p2a: Samurott\n|-crit|p2a: Samurott\n|-damage|p2a: Samurott|66/100\n|inactive|dubiousnucleus has 120 seconds left.\n|\n|t:|1788275601\n|switch|p1a: ThundaDownUnda|Thundurus-Therian, M, shiny|100/100|[from] U-turn\n|\n|-weather|RainDance|[upkeep]\n|upkeep\n|turn|2\n|\n|t:|1788275608\n|switch|p2a: Landorus|Landorus-Therian, M|100/100\n|-ability|p2a: Landorus|Intimidate|boost\n|-unboost|p1a: ThundaDownUnda|atk|1\n|move|p1a: ThundaDownUnda|Thunder|p2a: Landorus\n|-immune|p2a: Landorus\n|\n|-weather|RainDance|[upkeep]\n|upkeep\n|turn|3\n|\n|t:|1788275615\n|move|p1a: ThundaDownUnda|Weather Ball|p2a: Landorus\n|-supereffective|p2a: Landorus\n|-damage|p2a: Landorus|0 fnt\n|faint|p2a: Landorus\n|-damage|p1a: ThundaDownUnda|91/100|[from] item: Life Orb\n|\n|-weather|RainDance|[upkeep]\n|upkeep\n|\n|t:|1788275627\n|switch|p2a: Samurott|Samurott-Hisui, F|66/100\n|turn|4\n|\n|t:|1788275651\n|move|p1a: ThundaDownUnda|Thunder|p2a: Samurott\n|-supereffective|p2a: Samurott\n|-damage|p2a: Samurott|0 fnt\n|faint|p2a: Samurott\n|-damage|p1a: ThundaDownUnda|81/100|[from] item: Life Orb\n|\n|-weather|RainDance|[upkeep]\n|upkeep\n|\n|t:|1788275662\n|switch|p2a: Iron Moth|Iron Moth|100/100\n|-enditem|p2a: Iron Moth|Booster Energy\n|-activate|p2a: Iron Moth|ability: Quark Drive|[fromitem]\n|-start|p2a: Iron Moth|quarkdrivespe\n|turn|5\n|\n|t:|1788275672\n|move|p2a: Iron Moth|Sludge Wave|p1a: ThundaDownUnda\n|-damage|p1a: ThundaDownUnda|19/100\n|move|p1a: ThundaDownUnda|Weather Ball|p2a: Iron Moth\n|-supereffective|p2a: Iron Moth\n|-crit|p2a: Iron Moth\n|-damage|p2a: Iron Moth|0 fnt\n|faint|p2a: Iron Moth\n|-end|p2a: Iron Moth|Quark Drive|[silent]\n|-damage|p1a: ThundaDownUnda|9/100|[from] item: Life Orb\n|\n|-weather|RainDance|[upkeep]\n|upkeep\n|\n|t:|1788275676\n|switch|p2a: Iron Valiant|Iron Valiant|100/100\n|-enditem|p2a: Iron Valiant|Booster Energy\n|-activate|p2a: Iron Valiant|ability: Quark Drive|[fromitem]\n|-start|p2a: Iron Valiant|quarkdrivespe\n|turn|6\n|\n|t:|1788275704\n|switch|p1a: Big Pig|Great Tusk|100/100\n|move|p2a: Iron Valiant|Knock Off|p1a: Big Pig\n|-resisted|p1a: Big Pig\n|-damage|p1a: Big Pig|87/100\n|-damage|p2a: Iron Valiant|84/100|[from] item: Rocky Helmet|[of] p1a: Big Pig\n|-enditem|p1a: Big Pig|Rocky Helmet|[from] move: Knock Off|[of] p2a: Iron Valiant\n|\n|-weather|RainDance|[upkeep]\n|upkeep\n|turn|7\n|\n|t:|1788275713\n|move|p2a: Iron Valiant|Moonblast|p1a: Big Pig\n|-supereffective|p1a: Big Pig\n|-damage|p1a: Big Pig|0 fnt\n|faint|p1a: Big Pig\n|-end|p1a: Big Pig|Protosynthesis|[silent]\n|\n|-weather|RainDance|[upkeep]\n|upkeep\n|\n|t:|1788275716\n|switch|p1a: Green Gooner|Scizor, F, shiny|100/100\n|turn|8\n|\n|t:|1788275722\n|move|p1a: Green Gooner|Bullet Punch|p2a: Iron Valiant\n|-supereffective|p2a: Iron Valiant\n|-damage|p2a: Iron Valiant|0 fnt\n|faint|p2a: Iron Valiant\n|-end|p2a: Iron Valiant|Quark Drive|[silent]\n|-damage|p1a: Green Gooner|91/100|[from] item: Life Orb\n|\n|-weather|none\n|upkeep\n|\n|t:|1788275725\n|switch|p2a: Blaziken|Blaziken, M|100/100\n|-item|p2a: Blaziken|Air Balloon\n|turn|9\n|\n|t:|1788275749\n|move|p2a: Blaziken|Swords Dance|p2a: Blaziken\n|-boost|p2a: Blaziken|atk|2\n|move|p1a: Green Gooner|Dual Wingbeat|p2a: Blaziken\n|-supereffective|p2a: Blaziken\n|-damage|p2a: Blaziken|6/100\n|-enditem|p2a: Blaziken|Air Balloon\n|-supereffective|p2a: Blaziken\n|-damage|p2a: Blaziken|0 fnt\n|faint|p2a: Blaziken\n|-hitcount|p2: Blaziken|2\n|-damage|p1a: Green Gooner|81/100|[from] item: Life Orb\n|\n|upkeep\n|\n|t:|1788275754\n|switch|p2a: Kingambit|Kingambit, M|100/100\n|-activate|p2a: Kingambit|ability: Supreme Overlord\n|-start|p2a: Kingambit|fallen5|[silent]\n|turn|10\n|\n|t:|1788275761\n|-terastallize|p2a: Kingambit|Ghost\n|move|p1a: Green Gooner|U-turn|p2a: Kingambit\n|-resisted|p2a: Kingambit\n|-damage|p2a: Kingambit|80/100\n|-damage|p1a: Green Gooner|71/100|[from] item: Life Orb\n|\n|t:|1788275768\n|switch|p1a: Green Gulper|Pelipper, F, shiny|100/100|[from] U-turn\n|-weather|RainDance|[from] ability: Drizzle|[of] p1a: Green Gulper\n|move|p2a: Kingambit|Swords Dance|p2a: Kingambit\n|-boost|p2a: Kingambit|atk|2\n|\n|-weather|RainDance|[upkeep]\n|upkeep\n|turn|11\n|\n|t:|1788275772\n|move|p2a: Kingambit|Swords Dance|p2a: Kingambit\n|-boost|p2a: Kingambit|atk|2\n|move|p1a: Green Gulper|Hurricane|p2a: Kingambit\n|-damage|p2a: Kingambit|36/100\n|-start|p2a: Kingambit|confusion\n|\n|-weather|RainDance|[upkeep]\n|upkeep\n|turn|12\n|\n|t:|1788275776\n|-activate|p2a: Kingambit|confusion\n|move|p2a: Kingambit|Sucker Punch|p1a: Green Gulper\n|-damage|p1a: Green Gulper|0 fnt\n|faint|p1a: Green Gulper\n|\n|-weather|RainDance|[upkeep]\n|upkeep\n|\n|t:|1788275785\n|switch|p1a: Fat Fish|Basculegion, M, shiny|100/100\n|turn|13\n|\n|t:|1788275789\n|move|p1a: Fat Fish|Wave Crash|p2a: Kingambit\n|-damage|p2a: Kingambit|0 fnt\n|faint|p2a: Kingambit\n|-end|p2a: Kingambit|fallen5|[silent]\n|-damage|p1a: Fat Fish|90/100|[from] Recoil\n|\n|win|dubiousnucleus\n|raw|dubiousnucleus's rating: 1348 &rarr; <strong>1369</strong><br />(+21 for winning)\n|raw|marceeisanut's rating: 1371 &rarr; <strong>1350</strong><br />(-21 for losing)\n|l|\u2606marceeisanut\n|player|p2|\n|l|\u2606dubiousnucleus\n|player|p1|\n", "uploadtime": 1788276098, "views": "1", "formatid": "gen9ou", "rating": 1350, "private": 0, "password": null}