{"id": "gen9ou-2674043639", "format": "[Gen 9] OU", "players": ["t0usei", "owie my bones"], "log": "|j|\u2606t0usei\n|j|\u2606owie my bones\n|t:|1788291832\n|gametype|singles\n|player|p1|t0usei|2|1545\n|player|p2|owie my bones|roxie-masters|1535\n|gen|9\n|tier|[Gen 9] OU\n|rated|\n|rule|HP Percentage Mod: HP is shown in percentages\n|rule|Endless Battle Clause: Forcing endless battles is banned\n|rule|Species Clause: Limit one of each Pok\u00e9mon\n|rule|OHKO Clause: OHKO moves are banned\n|rule|Evasion Items Clause: Evasion items are banned\n|rule|Evasion Moves Clause: Evasion moves are banned\n|rule|Evasion Abilities Clause: Evasion abilities are banned\n|rule|Sleep Moves Clause: Sleep-inducing moves are banned\n|clearpoke\n|poke|p1|Deoxys-Speed|\n|poke|p1|Scizor, F|\n|poke|p1|Darkrai|\n|poke|p1|Gholdengo|\n|poke|p1|Iron Valiant|\n|poke|p1|Great Tusk|\n|poke|p2|Gholdengo|\n|poke|p2|Iron Treads|\n|poke|p2|Moltres|\n|poke|p2|Zamazenta-*|\n|poke|p2|Samurott-Hisui, F|\n|poke|p2|Garganacl, M|\n|teampreview\n|inactive|Battle timer is ON: inactive players will automatically lose when time's up. (requested by t0usei)\n|j| dialga simp idk\n|\n|t:|1788291858\n|teamsize|p1|6\n|teamsize|p2|6\n|start\n|switch|p1a: Deoxys|Deoxys-Speed|100/100\n|switch|p2a: Moltres|Moltres|100/100\n|-ability|p1a: Deoxys|Pressure\n|turn|1\n|\n|t:|1788291868\n|move|p1a: Deoxys|Stealth Rock|p2a: Moltres\n|-sidestart|p2: owie my bones|move: Stealth Rock\n|move|p2a: Moltres|Flamethrower|p1a: Deoxys\n|-damage|p1a: Deoxys|51/100\n|\n|upkeep\n|turn|2\n|\n|t:|1788291875\n|move|p1a: Deoxys|Spikes|p2a: Moltres\n|-sidestart|p2: owie my bones|Spikes\n|move|p2a: Moltres|U-turn|p1a: Deoxys\n|-supereffective|p1a: Deoxys\n|-damage|p1a: Deoxys|17/100\n|\n|t:|1788291891\n|switch|p2a: Iron Treads|Iron Treads|100/100|[from] U-turn\n|-damage|p2a: Iron Treads|98/100|[from] Stealth Rock\n|-damage|p2a: Iron Treads|85/100|[from] Spikes\n|\n|upkeep\n|turn|3\n|\n|t:|1788291903\n|switch|p1a: Gholdengo|Gholdengo|100/100\n|move|p2a: Iron Treads|Rapid Spin|p1a: Gholdengo\n|-immune|p1a: Gholdengo\n|\n|upkeep\n|turn|4\n|\n|t:|1788291909\n|-end|p2a: Iron Treads|Quark Drive|[silent]\n|switch|p2a: Garganacl|Garganacl, M|100/100\n|-damage|p2a: Garganacl|88/100|[from] Stealth Rock\n|-damage|p2a: Garganacl|76/100|[from] Spikes\n|move|p1a: Gholdengo|Shadow Ball|p2a: Garganacl\n|-damage|p2a: Garganacl|62/100\n|\n|-heal|p2a: Garganacl|68/100|[from] item: Leftovers\n|upkeep\n|turn|5\n|\n|t:|1788291923\n|switch|p2a: Moltres|Moltres|100/100\n|move|p1a: Gholdengo|Make It Rain|p2a: Moltres\n|-resisted|p2a: Moltres\n|-damage|p2a: Moltres|59/100\n|-unboost|p1a: Gholdengo|spa|1\n|\n|upkeep\n|turn|6\n|\n|t:|1788291928\n|switch|p1a: Deoxys|Deoxys-Speed|17/100\n|-ability|p1a: Deoxys|Pressure\n|move|p2a: Moltres|Roost|p2a: Moltres\n|-heal|p2a: Moltres|100/100\n|-singleturn|p2a: Moltres|move: Roost\n|\n|upkeep\n|turn|7\n|\n|t:|1788291931\n|move|p1a: Deoxys|Spikes|p2a: Moltres\n|-sidestart|p2: owie my bones|Spikes\n|move|p2a: Moltres|U-turn|p1a: Deoxys\n|-supereffective|p1a: Deoxys\n|-damage|p1a: Deoxys|0 fnt\n|faint|p1a: Deoxys\n|\n|t:|1788291944\n|switch|p2a: Iron Treads|Iron Treads|85/100|[from] U-turn\n|-damage|p2a: Iron Treads|82/100|[from] Stealth Rock\n|-damage|p2a: Iron Treads|66/100|[from] Spikes\n|\n|upkeep\n|\n|t:|1788291946\n|switch|p1a: Gholdengo|Gholdengo|100/100\n|turn|8\n|\n|t:|1788291967\n|move|p2a: Iron Treads|Knock Off|p1a: Gholdengo\n|-supereffective|p1a: Gholdengo\n|-damage|p1a: Gholdengo|36/100\n|-enditem|p1a: Gholdengo|Metal Coat|[from] move: Knock Off|[of] p2a: Iron Treads\n|move|p1a: Gholdengo|Make It Rain|p2a: Iron Treads\n|-resisted|p2a: Iron Treads\n|-damage|p2a: Iron Treads|30/100\n|-unboost|p1a: Gholdengo|spa|1\n|\n|upkeep\n|turn|9\n|\n|t:|1788291976\n|move|p2a: Iron Treads|Earthquake|p1a: Gholdengo\n|-supereffective|p1a: Gholdengo\n|-damage|p1a: Gholdengo|0 fnt\n|faint|p1a: Gholdengo\n|\n|upkeep\n|\n|t:|1788292004\n|switch|p1a: Darkrai|Darkrai|100/100\n|turn|10\n|\n|t:|1788292034\n|-end|p2a: Iron Treads|Quark Drive|[silent]\n|switch|p2a: Moltres|Moltres|100/100\n|move|p1a: Darkrai|Ice Beam|p2a: Moltres\n|-damage|p2a: Moltres|69/100\n|\n|upkeep\n|turn|11\n|inactive|owie my bones has 120 seconds left.\n|\n|t:|1788292061\n|move|p1a: Darkrai|Nasty Plot|p1a: Darkrai\n|-boost|p1a: Darkrai|spa|2\n|move|p2a: Moltres|U-turn|p1a: Darkrai\n|-supereffective|p1a: Darkrai\n|-damage|p1a: Darkrai|64/100\n|\n|t:|1788292065\n|switch|p2a: Samurott|Samurott-Hisui, F, shiny|100/100|[from] U-turn\n|-damage|p2a: Samurott|88/100|[from] Stealth Rock\n|-damage|p2a: Samurott|72/100|[from] Spikes\n|\n|-heal|p1a: Darkrai|70/100|[from] item: Leftovers\n|upkeep\n|turn|12\n|\n|t:|1788292068\n|move|p2a: Samurott|Sacred Sword|p1a: Darkrai\n|-supereffective|p1a: Darkrai\n|-crit|p1a: Darkrai\n|-damage|p1a: Darkrai|0 fnt\n|faint|p1a: Darkrai\n|\n|upkeep\n|\n|t:|1788292071\n|switch|p1a: Great Tusk|Great Tusk|100/100\n|-enditem|p1a: Great Tusk|Booster Energy\n|-activate|p1a: Great Tusk|ability: Protosynthesis|[fromitem]\n|-start|p1a: Great Tusk|protosynthesisspe\n|turn|13\n|\n|t:|1788292079\n|switch|p2a: Moltres|Moltres|69/100\n|move|p1a: Great Tusk|Bulk Up|p1a: Great Tusk\n|-boost|p1a: Great Tusk|atk|1\n|-boost|p1a: Great Tusk|def|1\n|\n|upkeep\n|turn|14\n|\n|t:|1788292084\n|move|p1a: Great Tusk|Head Smash|p2a: Moltres|[miss]\n|-miss|p1a: Great Tusk|p2a: Moltres\n|move|p2a: Moltres|Roar|p1a: Great Tusk\n|-end|p1a: Great Tusk|Protosynthesis|[silent]\n|drag|p1a: Scizor|Scizor, F|100/100\n|\n|upkeep\n|turn|15\n|\n|t:|1788292092\n|switch|p1a: Iron Valiant|Iron Valiant|100/100\n|-enditem|p1a: Iron Valiant|Booster Energy\n|-activate|p1a: Iron Valiant|ability: Quark Drive|[fromitem]\n|-start|p1a: Iron Valiant|quarkdrivespe\n|move|p2a: Moltres|Flamethrower|p1a: Iron Valiant\n|-damage|p1a: Iron Valiant|32/100\n|\n|upkeep\n|turn|16\n|inactive|owie my bones has 120 seconds left.\n|\n|t:|1788292144\n|switch|p2a: Garganacl|Garganacl, M|68/100\n|-damage|p2a: Garganacl|55/100|[from] Stealth Rock\n|-damage|p2a: Garganacl|39/100|[from] Spikes\n|move|p1a: Iron Valiant|Knock Off|p2a: Garganacl\n|-damage|p2a: Garganacl|21/100\n|-enditem|p2a: Garganacl|Leftovers|[from] move: Knock Off|[of] p1a: Iron Valiant\n|\n|upkeep\n|turn|17\n|\n|t:|1788292150\n|move|p1a: Iron Valiant|Moonblast|p2a: Garganacl\n|-damage|p2a: Garganacl|0 fnt\n|faint|p2a: Garganacl\n|\n|upkeep\n|\n|t:|1788292162\n|switch|p2a: Gholdengo|Gholdengo|100/100\n|-damage|p2a: Gholdengo|94/100|[from] Stealth Rock\n|-item|p2a: Gholdengo|Air Balloon\n|turn|18\n|\n|t:|1788292167\n|move|p1a: Iron Valiant|Knock Off|p2a: Gholdengo\n|-supereffective|p2a: Gholdengo\n|-damage|p2a: Gholdengo|36/100\n|-enditem|p2a: Gholdengo|Air Balloon\n|move|p2a: Gholdengo|Shadow Ball|p1a: Iron Valiant\n|-damage|p1a: Iron Valiant|0 fnt\n|faint|p1a: Iron Valiant\n|-end|p1a: Iron Valiant|Quark Drive|[silent]\n|\n|upkeep\n|\n|t:|1788292173\n|switch|p1a: Scizor|Scizor, F|100/100\n|turn|19\n|\n|t:|1788292176\n|move|p2a: Gholdengo|Shadow Ball|p1a: Scizor\n|-crit|p1a: Scizor\n|-damage|p1a: Scizor|13/100\n|move|p1a: Scizor|Swords Dance|p1a: Scizor\n|-boost|p1a: Scizor|atk|2\n|\n|upkeep\n|turn|20\n|\n|t:|1788292186\n|move|p1a: Scizor|Bullet Punch|p2a: Gholdengo\n|-resisted|p2a: Gholdengo\n|-damage|p2a: Gholdengo|0 fnt\n|faint|p2a: Gholdengo\n|-damage|p1a: Scizor|3/100|[from] item: Life Orb\n|\n|upkeep\n|\n|t:|1788292189\n|switch|p2a: Moltres|Moltres|69/100\n|turn|21\n|\n|t:|1788292202\n|move|p2a: Moltres|Roost|p2a: Moltres\n|-heal|p2a: Moltres|100/100\n|-singleturn|p2a: Moltres|move: Roost\n|move|p1a: Scizor|Knock Off|p2a: Moltres\n|-damage|p2a: Moltres|33/100\n|-enditem|p2a: Moltres|Heavy-Duty Boots|[from] move: Knock Off|[of] p1a: Scizor\n|-damage|p1a: Scizor|0 fnt|[from] item: Life Orb\n|faint|p1a: Scizor\n|\n|upkeep\n|\n|t:|1788292205\n|switch|p1a: Great Tusk|Great Tusk|100/100\n|turn|22\n|\n|t:|1788292217\n|move|p1a: Great Tusk|Head Smash|p2a: Moltres\n|-supereffective|p2a: Moltres\n|-damage|p2a: Moltres|0 fnt\n|faint|p2a: Moltres\n|-damage|p1a: Great Tusk|86/100|[from] Recoil\n|\n|upkeep\n|\n|t:|1788292224\n|switch|p2a: Samurott|Samurott-Hisui, F, shiny|72/100\n|-damage|p2a: Samurott|59/100|[from] Stealth Rock\n|-damage|p2a: Samurott|43/100|[from] Spikes\n|turn|23\n|\n|t:|1788292235\n|-terastallize|p1a: Great Tusk|Ghost\n|move|p2a: Samurott|Flip Turn|p1a: Great Tusk\n|-damage|p1a: Great Tusk|68/100\n|\n|t:|1788292239\n|switch|p2a: Iron Treads|Iron Treads|30/100|[from] Flip Turn\n|-damage|p2a: Iron Treads|27/100|[from] Stealth Rock\n|-damage|p2a: Iron Treads|11/100|[from] Spikes\n|move|p1a: Great Tusk|Bulk Up|p1a: Great Tusk\n|-boost|p1a: Great Tusk|atk|1\n|-boost|p1a: Great Tusk|def|1\n|\n|upkeep\n|turn|24\n|\n|t:|1788292245\n|move|p2a: Iron Treads|Knock Off|p1a: Great Tusk\n|-supereffective|p1a: Great Tusk\n|-damage|p1a: Great Tusk|53/100\n|move|p1a: Great Tusk|Bulk Up|p1a: Great Tusk\n|-boost|p1a: Great Tusk|atk|1\n|-boost|p1a: Great Tusk|def|1\n|\n|upkeep\n|turn|25\n|\n|t:|1788292254\n|-end|p2a: Iron Treads|Quark Drive|[silent]\n|switch|p2a: Samurott|Samurott-Hisui, F, shiny|43/100\n|-damage|p2a: Samurott|30/100|[from] Stealth Rock\n|-damage|p2a: Samurott|14/100|[from] Spikes\n|move|p1a: Great Tusk|Bulk Up|p1a: Great Tusk\n|-boost|p1a: Great Tusk|atk|1\n|-boost|p1a: Great Tusk|def|1\n|\n|upkeep\n|turn|26\n|\n|t:|1788292268\n|move|p2a: Samurott|Ceaseless Edge|p1a: Great Tusk\n|-supereffective|p1a: Great Tusk\n|-damage|p1a: Great Tusk|33/100\n|-sidestart|p1: t0usei|Spikes\n|move|p1a: Great Tusk|Head Smash|p2a: Samurott|[miss]\n|-miss|p1a: Great Tusk|p2a: Samurott\n|\n|upkeep\n|turn|27\n|\n|t:|1788292275\n|move|p2a: Samurott|Ceaseless Edge|p1a: Great Tusk\n|-supereffective|p1a: Great Tusk\n|-damage|p1a: Great Tusk|10/100\n|-sidestart|p1: t0usei|Spikes\n|move|p1a: Great Tusk|Head Smash|p2a: Samurott\n|-damage|p2a: Samurott|0 fnt\n|faint|p2a: Samurott\n|-damage|p1a: Great Tusk|6/100|[from] Recoil\n|\n|upkeep\n|c|\u2606t0usei|the hax this game has been crazy\n|\n|t:|1788292284\n|switch|p2a: Zamazenta|Zamazenta|100/100\n|-damage|p2a: Zamazenta|94/100|[from] Stealth Rock\n|-damage|p2a: Zamazenta|78/100|[from] Spikes\n|-ability|p2a: Zamazenta|Dauntless Shield|boost\n|-boost|p2a: Zamazenta|def|1\n|turn|28\n|\n|t:|1788292288\n|move|p2a: Zamazenta|Crunch|p1a: Great Tusk\n|-supereffective|p1a: Great Tusk\n|-damage|p1a: Great Tusk|0 fnt\n|faint|p1a: Great Tusk\n|-end|p1a: Great Tusk|Protosynthesis|[silent]\n|\n|win|owie my bones\n|raw|t0usei's rating: 1545 &rarr; <strong>1524</strong><br />(-21 for losing)\n|raw|owie my bones's rating: 1535 &rarr; <strong>1556</strong><br />(+21 for winning)\n", "uploadtime": 1788292288, "views": "3", "formatid": "gen9ou", "rating": 1524, "private": 0, "password": null}