{"id": "gen9ou-2673970954", "format": "[Gen 9] OU", "players": ["kangarooteam1", "ihymyly"], "log": "|j|\u2606kangarooteam1\n|j|\u2606ihymyly\n|t:|1788283287\n|gametype|singles\n|player|p1|kangarooteam1|1|1557\n|player|p2|ihymyly|266|1644\n|gen|9\n|tier|[Gen 9] OU\n|rated|\n|rule|HP Percentage Mod: HP is shown in percentages\n|rule|Endless Battle Clause: Forcing endless battles is banned\n|rule|Species Clause: Limit one of each Pok\u00e9mon\n|rule|OHKO Clause: OHKO moves are banned\n|rule|Evasion Items Clause: Evasion items are banned\n|rule|Evasion Moves Clause: Evasion moves are banned\n|rule|Evasion Abilities Clause: Evasion abilities are banned\n|rule|Sleep Moves Clause: Sleep-inducing moves are banned\n|clearpoke\n|poke|p1|Great Tusk|\n|poke|p1|Gholdengo|\n|poke|p1|Raging Bolt|\n|poke|p1|Iron Valiant|\n|poke|p1|Ogerpon-Wellspring, F|\n|poke|p1|Kingambit, M|\n|poke|p2|Darkrai|\n|poke|p2|Cinderace, F|\n|poke|p2|Samurott-Hisui, F|\n|poke|p2|Gholdengo|\n|poke|p2|Kingambit, M|\n|poke|p2|Landorus-Therian, M|\n|teampreview\n|inactive|Battle timer is ON: inactive players will automatically lose when time's up. (requested by kangarooteam1)\n|\n|t:|1788283297\n|teamsize|p1|6\n|teamsize|p2|6\n|start\n|switch|p1a: Raging Bolt|Raging Bolt|100/100\n|switch|p2a: Cinderace|Cinderace, F|100/100\n|turn|1\n|\n|t:|1788283300\n|move|p2a: Cinderace|U-turn|p1a: Raging Bolt\n|-damage|p1a: Raging Bolt|86/100\n|\n|t:|1788283302\n|switch|p2a: Gholdengo|Gholdengo|100/100|[from] U-turn\n|move|p1a: Raging Bolt|Dragon Pulse|p2a: Gholdengo\n|-resisted|p2a: Gholdengo\n|-damage|p2a: Gholdengo|72/100\n|\n|-heal|p1a: Raging Bolt|92/100|[from] item: Leftovers\n|upkeep\n|turn|2\n|\n|t:|1788283305\n|move|p2a: Gholdengo|Trick|p1a: Raging Bolt\n|-activate|p2a: Gholdengo|move: Trick|[of] p1a: Raging Bolt\n|-item|p1a: Raging Bolt|Choice Scarf|[from] move: Trick\n|-item|p2a: Gholdengo|Leftovers|[from] move: Trick\n|move|p1a: Raging Bolt|Calm Mind|p1a: Raging Bolt\n|-boost|p1a: Raging Bolt|spa|1\n|-boost|p1a: Raging Bolt|spd|1\n|\n|-heal|p2a: Gholdengo|78/100|[from] item: Leftovers\n|upkeep\n|turn|3\n|\n|t:|1788283309\n|switch|p2a: Landorus|Landorus-Therian, M, shiny|100/100\n|-ability|p2a: Landorus|Intimidate|boost\n|-unboost|p1a: Raging Bolt|atk|1\n|-end|p1a: Raging Bolt|Protosynthesis|[silent]\n|switch|p1a: Kingambit|Kingambit, M|100/100\n|\n|upkeep\n|turn|4\n|\n|t:|1788283311\n|-end|p1a: Kingambit|fallenundefined|[silent]\n|switch|p1a: Ogerpon|Ogerpon-Wellspring, F|100/100\n|move|p2a: Landorus|Stealth Rock|p1a: Ogerpon\n|-sidestart|p1: kangarooteam1|move: Stealth Rock\n|\n|upkeep\n|turn|5\n|\n|t:|1788283312\n|move|p1a: Ogerpon|Ivy Cudgel|p2a: Landorus|[anim] Ivy Cudgel Water\n|-supereffective|p2a: Landorus\n|-damage|p2a: Landorus|3/100\n|move|p2a: Landorus|U-turn|p1a: Ogerpon\n|-supereffective|p1a: Ogerpon\n|-damage|p1a: Ogerpon|43/100\n|\n|t:|1788283316\n|switch|p2a: Cinderace|Cinderace, F|100/100|[from] U-turn\n|\n|upkeep\n|turn|6\n|\n|t:|1788283317\n|switch|p1a: Great Tusk|Great Tusk|100/100\n|-damage|p1a: Great Tusk|98/100|[from] Stealth Rock\n|move|p2a: Cinderace|U-turn|p1a: Great Tusk\n|-resisted|p1a: Great Tusk\n|-damage|p1a: Great Tusk|93/100\n|\n|t:|1788283322\n|switch|p2a: Phantom Opera|Darkrai, shiny|100/100|[from] U-turn\n|\n|-heal|p1a: Great Tusk|99/100|[from] item: Leftovers\n|upkeep\n|turn|7\n|\n|t:|1788283323\n|move|p2a: Phantom Opera|Ice Beam|p1a: Great Tusk\n|-supereffective|p1a: Great Tusk\n|-damage|p1a: Great Tusk|22/100\n|move|p1a: Great Tusk|Rapid Spin|p2a: Phantom Opera\n|-damage|p2a: Phantom Opera|82/100\n|-boost|p1a: Great Tusk|spe|1\n|-sideend|p1: kangarooteam1|Stealth Rock|[from] move: Rapid Spin|[of] p1a: Great Tusk\n|\n|-heal|p2a: Phantom Opera|89/100|[from] item: Leftovers\n|-heal|p1a: Great Tusk|28/100|[from] item: Leftovers\n|upkeep\n|turn|8\n|\n|t:|1788283326\n|-end|p1a: Great Tusk|Protosynthesis|[silent]\n|switch|p1a: Kingambit|Kingambit, M|100/100\n|move|p2a: Phantom Opera|Ice Beam|p1a: Kingambit\n|-resisted|p1a: Kingambit\n|-damage|p1a: Kingambit|87/100\n|\n|-heal|p2a: Phantom Opera|95/100|[from] item: Leftovers\n|-heal|p1a: Kingambit|93/100|[from] item: Leftovers\n|upkeep\n|turn|9\n|\n|t:|1788283330\n|switch|p2a: Cinderace|Cinderace, F|100/100\n|move|p1a: Kingambit|Swords Dance|p1a: Kingambit\n|-boost|p1a: Kingambit|atk|2\n|\n|-heal|p1a: Kingambit|99/100|[from] item: Leftovers\n|upkeep\n|turn|10\n|\n|t:|1788283331\n|move|p2a: Cinderace|Will-O-Wisp|p1a: Kingambit\n|-status|p1a: Kingambit|brn\n|move|p1a: Kingambit|Kowtow Cleave|p2a: Cinderace\n|-damage|p2a: Cinderace|42/100\n|\n|-heal|p1a: Kingambit|100/100 brn|[from] item: Leftovers\n|-damage|p1a: Kingambit|94/100 brn|[from] brn\n|upkeep\n|turn|11\n|\n|t:|1788283334\n|switch|p2a: Landorus|Landorus-Therian, M, shiny|3/100\n|-ability|p2a: Landorus|Intimidate|boost\n|-unboost|p1a: Kingambit|atk|1\n|move|p1a: Kingambit|Swords Dance|p1a: Kingambit\n|-boost|p1a: Kingambit|atk|2\n|\n|-heal|p1a: Kingambit|100/100 brn|[from] item: Leftovers\n|-damage|p1a: Kingambit|94/100 brn|[from] brn\n|upkeep\n|turn|12\n|\n|t:|1788283336\n|move|p1a: Kingambit|Sucker Punch||[still]\n|-fail|p1a: Kingambit\n|move|p2a: Landorus|Stealth Rock|p1a: Kingambit\n|-sidestart|p1: kangarooteam1|move: Stealth Rock\n|\n|-heal|p1a: Kingambit|100/100 brn|[from] item: Leftovers\n|-damage|p1a: Kingambit|94/100 brn|[from] brn\n|upkeep\n|turn|13\n|\n|t:|1788283339\n|move|p1a: Kingambit|Sucker Punch|p2a: Landorus\n|-damage|p2a: Landorus|0 fnt\n|-damage|p1a: Kingambit|78/100 brn|[from] item: Rocky Helmet|[of] p2a: Landorus\n|faint|p2a: Landorus\n|\n|-heal|p1a: Kingambit|84/100 brn|[from] item: Leftovers\n|-damage|p1a: Kingambit|78/100 brn|[from] brn\n|upkeep\n|\n|t:|1788283343\n|switch|p2a: Samurott|Samurott-Hisui, F|100/100\n|turn|14\n|\n|t:|1788283345\n|move|p2a: Samurott|Razor Shell|p1a: Kingambit\n|-damage|p1a: Kingambit|43/100 brn\n|-unboost|p1a: Kingambit|def|1\n|move|p1a: Kingambit|Iron Head|p2a: Samurott\n|-resisted|p2a: Samurott\n|-damage|p2a: Samurott|71/100\n|\n|-heal|p1a: Kingambit|50/100 brn|[from] item: Leftovers\n|-damage|p1a: Kingambit|43/100 brn|[from] brn\n|upkeep\n|turn|15\n|\n|t:|1788283352\n|move|p2a: Samurott|Ceaseless Edge|p1a: Kingambit|[miss]\n|-miss|p2a: Samurott|p1a: Kingambit\n|move|p1a: Kingambit|Kowtow Cleave|p2a: Samurott\n|-resisted|p2a: Samurott\n|-damage|p2a: Samurott|35/100\n|\n|-heal|p1a: Kingambit|50/100 brn|[from] item: Leftovers\n|-damage|p1a: Kingambit|43/100 brn|[from] brn\n|upkeep\n|turn|16\n|\n|t:|1788283354\n|move|p1a: Kingambit|Sucker Punch|p2a: Samurott\n|-resisted|p2a: Samurott\n|-damage|p2a: Samurott|6/100\n|move|p2a: Samurott|Ceaseless Edge|p1a: Kingambit\n|-resisted|p1a: Kingambit\n|-crit|p1a: Kingambit\n|-damage|p1a: Kingambit|8/100 brn\n|-sidestart|p1: kangarooteam1|Spikes\n|\n|-heal|p1a: Kingambit|14/100 brn|[from] item: Leftovers\n|-damage|p1a: Kingambit|8/100 brn|[from] brn\n|upkeep\n|turn|17\n|\n|t:|1788283359\n|move|p2a: Samurott|Sucker Punch|p1a: Kingambit\n|-resisted|p1a: Kingambit\n|-damage|p1a: Kingambit|0 fnt\n|faint|p1a: Kingambit\n|-end|p1a: Kingambit|fallenundefined|[silent]\n|\n|upkeep\n|\n|t:|1788283359\n|switch|p1a: Great Tusk|Great Tusk|28/100\n|-damage|p1a: Great Tusk|25/100|[from] Stealth Rock\n|-damage|p1a: Great Tusk|13/100|[from] Spikes\n|turn|18\n|\n|t:|1788283362\n|switch|p2a: Gholdengo|Gholdengo|78/100\n|move|p1a: Great Tusk|Rapid Spin|p2a: Gholdengo\n|-immune|p2a: Gholdengo\n|\n|-heal|p2a: Gholdengo|84/100|[from] item: Leftovers\n|-heal|p1a: Great Tusk|19/100|[from] item: Leftovers\n|upkeep\n|turn|19\n|\n|t:|1788283364\n|move|p2a: Gholdengo|Shadow Ball|p1a: Great Tusk\n|-damage|p1a: Great Tusk|0 fnt\n|faint|p1a: Great Tusk\n|-end|p1a: Great Tusk|Protosynthesis|[silent]\n|\n|-heal|p2a: Gholdengo|90/100|[from] item: Leftovers\n|upkeep\n|\n|t:|1788283366\n|switch|p1a: Ogerpon|Ogerpon-Wellspring, F|43/100\n|-damage|p1a: Ogerpon|30/100|[from] Stealth Rock\n|-damage|p1a: Ogerpon|18/100|[from] Spikes\n|turn|20\n|\n|t:|1788283368\n|switch|p2a: Samurott|Samurott-Hisui, F|6/100\n|move|p1a: Ogerpon|Ivy Cudgel|p2a: Samurott|[anim] Ivy Cudgel Water\n|-resisted|p2a: Samurott\n|-damage|p2a: Samurott|0 fnt\n|faint|p2a: Samurott\n|\n|upkeep\n|\n|t:|1788283369\n|switch|p2a: Phantom Opera|Darkrai, shiny|95/100\n|turn|21\n|\n|t:|1788283371\n|move|p2a: Phantom Opera|Dark Pulse|p1a: Ogerpon\n|-damage|p1a: Ogerpon|0 fnt\n|faint|p1a: Ogerpon\n|\n|-heal|p2a: Phantom Opera|100/100|[from] item: Leftovers\n|upkeep\n|\n|t:|1788283373\n|switch|p1a: Iron Valiant|Iron Valiant|100/100\n|-damage|p1a: Iron Valiant|94/100|[from] Stealth Rock\n|-damage|p1a: Iron Valiant|82/100|[from] Spikes\n|-enditem|p1a: Iron Valiant|Booster Energy\n|-activate|p1a: Iron Valiant|ability: Quark Drive|[fromitem]\n|-start|p1a: Iron Valiant|quarkdrivespe\n|turn|22\n|\n|t:|1788283375\n|switch|p2a: Gholdengo|Gholdengo|90/100\n|move|p1a: Iron Valiant|Moonblast|p2a: Gholdengo\n|-resisted|p2a: Gholdengo\n|-damage|p2a: Gholdengo|62/100\n|\n|-heal|p2a: Gholdengo|68/100|[from] item: Leftovers\n|upkeep\n|turn|23\n|\n|t:|1788283378\n|move|p1a: Iron Valiant|Thunderbolt|p2a: Gholdengo\n|-damage|p2a: Gholdengo|32/100\n|-status|p2a: Gholdengo|par\n|move|p2a: Gholdengo|Make It Rain|p1a: Iron Valiant\n|-supereffective|p1a: Iron Valiant\n|-damage|p1a: Iron Valiant|0 fnt\n|-unboost|p2a: Gholdengo|spa|1\n|faint|p1a: Iron Valiant\n|-end|p1a: Iron Valiant|Quark Drive|[silent]\n|\n|-heal|p2a: Gholdengo|38/100 par|[from] item: Leftovers\n|upkeep\n|\n|t:|1788283379\n|switch|p1a: Raging Bolt|Raging Bolt|92/100\n|-damage|p1a: Raging Bolt|80/100|[from] Stealth Rock\n|-damage|p1a: Raging Bolt|67/100|[from] Spikes\n|turn|24\n|\n|t:|1788283382\n|move|p1a: Raging Bolt|Thunderbolt|p2a: Gholdengo\n|-damage|p2a: Gholdengo|0 fnt\n|faint|p2a: Gholdengo\n|\n|upkeep\n|\n|t:|1788283385\n|switch|p2a: Phantom Opera|Darkrai, shiny|100/100\n|turn|25\n|\n|t:|1788283388\n|move|p2a: Phantom Opera|Ice Beam|p1a: Raging Bolt\n|-supereffective|p1a: Raging Bolt\n|-damage|p1a: Raging Bolt|19/100\n|-status|p1a: Raging Bolt|frz\n|-curestatus|p1a: Raging Bolt|frz|[msg]\n|move|p1a: Raging Bolt|Thunderbolt|p2a: Phantom Opera\n|-damage|p2a: Phantom Opera|37/100\n|-status|p2a: Phantom Opera|par\n|\n|-heal|p2a: Phantom Opera|43/100 par|[from] item: Leftovers\n|upkeep\n|turn|26\n|\n|t:|1788283391\n|move|p1a: Raging Bolt|Thunderbolt|p2a: Phantom Opera\n|-damage|p2a: Phantom Opera|0 fnt\n|faint|p2a: Phantom Opera\n|\n|upkeep\n|\n|t:|1788283392\n|switch|p2a: Kingambit|Kingambit, M|100/100\n|-activate|p2a: Kingambit|ability: Supreme Overlord\n|-start|p2a: Kingambit|fallen4|[silent]\n|turn|27\n|\n|t:|1788283394\n|move|p2a: Kingambit|Sucker Punch|p1a: Raging Bolt\n|-damage|p1a: Raging Bolt|0 fnt\n|faint|p1a: Raging Bolt\n|-end|p1a: Raging Bolt|Protosynthesis|[silent]\n|\n|upkeep\n|\n|t:|1788283396\n|switch|p1a: Gholdengo|Gholdengo|100/100\n|-damage|p1a: Gholdengo|94/100|[from] Stealth Rock\n|-item|p1a: Gholdengo|Air Balloon\n|turn|28\n|\n|t:|1788283398\n|-terastallize|p1a: Gholdengo|Fairy\n|-terastallize|p2a: Kingambit|Dark\n|move|p1a: Gholdengo|Shadow Ball|p2a: Kingambit\n|-resisted|p2a: Kingambit\n|-damage|p2a: Kingambit|81/100\n|move|p2a: Kingambit|Kowtow Cleave|p1a: Gholdengo\n|-resisted|p1a: Gholdengo\n|-damage|p1a: Gholdengo|30/100\n|-enditem|p1a: Gholdengo|Air Balloon\n|\n|upkeep\n|turn|29\n|\n|t:|1788283402\n|move|p1a: Gholdengo|Recover|p1a: Gholdengo\n|-heal|p1a: Gholdengo|80/100\n|move|p2a: Kingambit|Iron Head|p1a: Gholdengo\n|-supereffective|p1a: Gholdengo\n|-damage|p1a: Gholdengo|0 fnt\n|faint|p1a: Gholdengo\n|\n|win|ihymyly\n|raw|kangarooteam1's rating: 1557 &rarr; <strong>1542</strong><br />(-15 for losing)\n|raw|ihymyly's rating: 1644 &rarr; <strong>1659</strong><br />(+15 for winning)\n", "uploadtime": 1788283403, "views": "3", "formatid": "gen9ou", "rating": 1542, "private": 0, "password": null}