{"id": "gen9ou-2673910842", "format": "[Gen 9] OU", "players": ["beatbyblaziken", "dubiousnucleus"], "log": "|j|\u2606beatbyblaziken\n|j|\u2606dubiousnucleus\n|t:|1788276113\n|gametype|singles\n|player|p1|beatbyblaziken|lance-gen1rb|1400\n|player|p2|dubiousnucleus|roughneck|1390\n|gen|9\n|tier|[Gen 9] OU\n|rated|\n|rule|HP Percentage Mod: HP is shown in percentages\n|rule|Endless Battle Clause: Forcing endless battles is banned\n|rule|Species Clause: Limit one of each Pok\u00e9mon\n|rule|OHKO Clause: OHKO moves are banned\n|rule|Evasion Items Clause: Evasion items are banned\n|rule|Evasion Moves Clause: Evasion moves are banned\n|rule|Evasion Abilities Clause: Evasion abilities are banned\n|rule|Sleep Moves Clause: Sleep-inducing moves are banned\n|clearpoke\n|poke|p1|Tinkaton, F|\n|poke|p1|Ogerpon, F|\n|poke|p1|Great Tusk|\n|poke|p1|Pecharunt|\n|poke|p1|Alomomola, F|\n|poke|p1|Blaziken, M|\n|poke|p2|Pelipper, F|\n|poke|p2|Scizor, F|\n|poke|p2|Thundurus-Therian, M|\n|poke|p2|Basculegion, M|\n|poke|p2|Great Tusk|\n|poke|p2|Hoopa-Unbound|\n|teampreview\n|inactive|Battle timer is ON: inactive players will automatically lose when time's up. (requested by beatbyblaziken)\n|\n|t:|1788276128\n|teamsize|p1|6\n|teamsize|p2|6\n|start\n|switch|p1a: Ogerpon|Ogerpon, F|100/100\n|switch|p2a: Green Gulper|Pelipper, F, shiny|100/100\n|-weather|RainDance|[from] ability: Drizzle|[of] p2a: Green Gulper\n|turn|1\n|\n|t:|1788276155\n|move|p1a: Ogerpon|U-turn|p2a: Green Gulper\n|-resisted|p2a: Green Gulper\n|-damage|p2a: Green Gulper|87/100\n|\n|t:|1788276160\n|switch|p1a: Alomomola|Alomomola, F|100/100|[from] U-turn\n|move|p2a: Green Gulper|Hurricane|p1a: Alomomola\n|-damage|p1a: Alomomola|82/100\n|\n|-weather|RainDance|[upkeep]\n|upkeep\n|turn|2\n|inactive|dubiousnucleus has 120 seconds left.\n|\n|t:|1788276188\n|move|p1a: Alomomola|Flip Turn|p2a: Green Gulper\n|-resisted|p2a: Green Gulper\n|-crit|p2a: Green Gulper\n|-damage|p2a: Green Gulper|74/100\n|\n|t:|1788276197\n|switch|p1a: Pecharunt|Pecharunt|100/100|[from] Flip Turn\n|move|p2a: Green Gulper|U-turn|p1a: Pecharunt\n|-resisted|p1a: Pecharunt\n|-damage|p1a: Pecharunt|99/100\n|-damage|p2a: Green Gulper|58/100|[from] item: Rocky Helmet|[of] p1a: Pecharunt\n|inactive|dubiousnucleus has 120 seconds left.\n|\n|t:|1788276214\n|switch|p2a: ThundaDownUnda|Thundurus-Therian, M, shiny|100/100|[from] U-turn\n|\n|-weather|RainDance|[upkeep]\n|upkeep\n|turn|3\n|\n|t:|1788276222\n|move|p2a: ThundaDownUnda|Thunder|p1a: Pecharunt\n|-damage|p1a: Pecharunt|16/100\n|-damage|p2a: ThundaDownUnda|91/100|[from] item: Life Orb\n|move|p1a: Pecharunt|Malignant Chain|p2a: ThundaDownUnda\n|-damage|p2a: ThundaDownUnda|47/100\n|-status|p2a: ThundaDownUnda|tox\n|-start|p2a: ThundaDownUnda|confusion|[from] ability: Poison Puppeteer|[of] p1a: Pecharunt\n|\n|-weather|RainDance|[upkeep]\n|-damage|p2a: ThundaDownUnda|41/100 tox|[from] psn\n|upkeep\n|turn|4\n|\n|t:|1788276232\n|-activate|p2a: ThundaDownUnda|confusion\n|move|p2a: ThundaDownUnda|Volt Switch|p1a: Pecharunt\n|-damage|p1a: Pecharunt|0 fnt\n|faint|p1a: Pecharunt\n|-damage|p2a: ThundaDownUnda|32/100 tox|[from] item: Life Orb\n|inactive|dubiousnucleus has 120 seconds left.\n|\n|t:|1788276242\n|switch|p2a: Fat Fish|Basculegion, M, shiny|100/100|[from] Volt Switch\n|\n|-weather|RainDance|[upkeep]\n|upkeep\n|\n|t:|1788276253\n|switch|p1a: Alomomola|Alomomola, F|100/100\n|turn|5\n|inactive|dubiousnucleus has 120 seconds left.\n|\n|t:|1788276280\n|move|p2a: Fat Fish|Wave Crash|p1a: Alomomola\n|-resisted|p1a: Alomomola\n|-damage|p1a: Alomomola|46/100\n|-damage|p2a: Fat Fish|75/100|[from] Recoil\n|move|p1a: Alomomola|Flip Turn|p2a: Fat Fish\n|-resisted|p2a: Fat Fish\n|-damage|p2a: Fat Fish|61/100\n|\n|t:|1788276303\n|switch|p1a: Ogerpon|Ogerpon, F|100/100|[from] Flip Turn\n|\n|-weather|RainDance|[upkeep]\n|upkeep\n|turn|6\n|inactive|dubiousnucleus has 120 seconds left.\n|\n|t:|1788276317\n|switch|p2a: Green Gooner|Scizor, F, shiny|100/100\n|move|p1a: Ogerpon|Knock Off|p2a: Green Gooner\n|-damage|p2a: Green Gooner|50/100\n|-enditem|p2a: Green Gooner|Life Orb|[from] move: Knock Off|[of] p1a: Ogerpon\n|\n|-weather|RainDance|[upkeep]\n|upkeep\n|turn|7\n|inactive|dubiousnucleus has 120 seconds left.\n|\n|t:|1788276334\n|switch|p1a: Alomomola|Alomomola, F|80/100\n|move|p2a: Green Gooner|Dual Wingbeat|p1a: Alomomola|[miss]\n|-miss|p2a: Green Gooner|p1a: Alomomola\n|\n|-weather|RainDance|[upkeep]\n|upkeep\n|turn|8\n|\n|t:|1788276340\n|move|p2a: Green Gooner|Knock Off|p1a: Alomomola\n|-damage|p1a: Alomomola|50/100\n|-enditem|p1a: Alomomola|Assault Vest|[from] move: Knock Off|[of] p2a: Green Gooner\n|move|p1a: Alomomola|Flip Turn|p2a: Green Gooner\n|-damage|p2a: Green Gooner|24/100\n|\n|t:|1788276346\n|switch|p1a: Blaziken|Blaziken, M, shiny|100/100|[from] Flip Turn\n|\n|-weather|none\n|upkeep\n|turn|9\n|\n|t:|1788276355\n|switch|p2a: Green Gulper|Pelipper, F, shiny|58/100\n|-weather|RainDance|[from] ability: Drizzle|[of] p2a: Green Gulper\n|move|p1a: Blaziken|Swords Dance|p1a: Blaziken\n|-boost|p1a: Blaziken|atk|2\n|\n|-weather|RainDance|[upkeep]\n|-ability|p1a: Blaziken|Speed Boost|boost\n|-boost|p1a: Blaziken|spe|1\n|upkeep\n|turn|10\n|\n|t:|1788276361\n|move|p1a: Blaziken|Protect|p1a: Blaziken\n|-singleturn|p1a: Blaziken|Protect\n|move|p2a: Green Gulper|Hurricane|p1a: Blaziken\n|-activate|p1a: Blaziken|move: Protect\n|\n|-weather|RainDance|[upkeep]\n|-ability|p1a: Blaziken|Speed Boost|boost\n|-boost|p1a: Blaziken|spe|1\n|upkeep\n|turn|11\n|\n|t:|1788276383\n|-terastallize|p1a: Blaziken|Stellar\n|move|p1a: Blaziken|Close Combat|p2a: Green Gulper\n|-resisted|p2a: Green Gulper\n|-damage|p2a: Green Gulper|0 fnt\n|-unboost|p1a: Blaziken|def|1\n|-unboost|p1a: Blaziken|spd|1\n|faint|p2a: Green Gulper\n|\n|-weather|RainDance|[upkeep]\n|-ability|p1a: Blaziken|Speed Boost|boost\n|-boost|p1a: Blaziken|spe|1\n|upkeep\n|\n|t:|1788276404\n|switch|p2a: Big Pig|Great Tusk|100/100\n|turn|12\n|\n|t:|1788276415\n|move|p1a: Blaziken|Protect|p1a: Blaziken\n|-singleturn|p1a: Blaziken|Protect\n|move|p2a: Big Pig|Earthquake|p1a: Blaziken\n|-activate|p1a: Blaziken|move: Protect\n|\n|-weather|RainDance|[upkeep]\n|-ability|p1a: Blaziken|Speed Boost|boost\n|-boost|p1a: Blaziken|spe|1\n|upkeep\n|turn|13\n|\n|t:|1788276418\n|move|p1a: Blaziken|Close Combat|p2a: Big Pig\n|-damage|p2a: Big Pig|6/100\n|-unboost|p1a: Blaziken|def|1\n|-unboost|p1a: Blaziken|spd|1\n|-damage|p1a: Blaziken|84/100|[from] item: Rocky Helmet|[of] p2a: Big Pig\n|move|p2a: Big Pig|Earthquake|p1a: Blaziken\n|-supereffective|p1a: Blaziken\n|-damage|p1a: Blaziken|0 fnt\n|faint|p1a: Blaziken\n|\n|-weather|RainDance|[upkeep]\n|upkeep\n|\n|t:|1788276425\n|switch|p1a: Ogerpon|Ogerpon, F|100/100\n|turn|14\n|\n|t:|1788276442\n|move|p1a: Ogerpon|Ivy Cudgel|p2a: Big Pig\n|-supereffective|p2a: Big Pig\n|-damage|p2a: Big Pig|0 fnt\n|faint|p2a: Big Pig\n|-end|p2a: Big Pig|Protosynthesis|[silent]\n|\n|-weather|RainDance|[upkeep]\n|upkeep\n|\n|t:|1788276457\n|switch|p2a: Evil Hands|Hoopa-Unbound|100/100\n|turn|15\n|\n|t:|1788276464\n|switch|p1a: Alomomola|Alomomola, F|83/100\n|move|p2a: Evil Hands|Gunk Shot|p1a: Alomomola|[miss]\n|-miss|p2a: Evil Hands|p1a: Alomomola\n|\n|-weather|RainDance|[upkeep]\n|upkeep\n|turn|16\n|\n|t:|1788276469\n|move|p2a: Evil Hands|Psychic Noise|p1a: Alomomola\n|-damage|p1a: Alomomola|51/100\n|-start|p1a: Alomomola|move: Heal Block\n|move|p1a: Alomomola|Flip Turn|p2a: Evil Hands\n|-damage|p2a: Evil Hands|75/100\n|\n|t:|1788276473\n|switch|p1a: Ogerpon|Ogerpon, F|100/100|[from] Flip Turn\n|\n|-weather|none\n|upkeep\n|turn|17\n|\n|t:|1788276478\n|move|p1a: Ogerpon|U-turn|p2a: Evil Hands\n|-supereffective|p2a: Evil Hands\n|-damage|p2a: Evil Hands|0 fnt\n|faint|p2a: Evil Hands\n|\n|t:|1788276487\n|switch|p1a: Great Tusk|Great Tusk|100/100|[from] U-turn\n|\n|upkeep\n|c|\u2606beatbyblaziken|gg\n|\n|t:|1788276493\n|switch|p2a: Fat Fish|Basculegion, M, shiny|61/100\n|turn|18\n|\n|t:|1788276501\n|move|p1a: Great Tusk|Headlong Rush|p2a: Fat Fish\n|-damage|p2a: Fat Fish|0 fnt\n|-unboost|p1a: Great Tusk|def|1\n|-unboost|p1a: Great Tusk|spd|1\n|faint|p2a: Fat Fish\n|\n|upkeep\n|\n|t:|1788276507\n|switch|p2a: Green Gooner|Scizor, F, shiny|24/100\n|turn|19\n|\n|t:|1788276512\n|-terastallize|p2a: Green Gooner|Flying\n|move|p1a: Great Tusk|Headlong Rush|p2a: Green Gooner\n|-immune|p2a: Green Gooner\n|move|p2a: Green Gooner|Dual Wingbeat|p1a: Great Tusk|[miss]\n|-miss|p2a: Green Gooner|p1a: Great Tusk\n|\n|upkeep\n|turn|20\n|-message|dubiousnucleus forfeited.\n|\n|win|beatbyblaziken\n|raw|beatbyblaziken's rating: 1400 &rarr; <strong>1419</strong><br />(+19 for winning)\n|raw|dubiousnucleus's rating: 1390 &rarr; <strong>1371</strong><br />(-19 for losing)\n|l|\u2606dubiousnucleus\n|player|p2|\n|l|\u2606beatbyblaziken\n|player|p1|\n", "uploadtime": 1788276777, "views": "1", "formatid": "gen9ou", "rating": 1371, "private": 0, "password": null}