{"id": "gen9ou-2674074669", "format": "[Gen 9] OU", "players": ["fsdfsdfsdfee", "kangarooteam1"], "log": "|j|\u2606fsdfsdfsdfee\n|j|\u2606kangarooteam1\n|t:|1788295645\n|gametype|singles\n|player|p1|fsdfsdfsdfee|265|1525\n|player|p2|kangarooteam1|1|1672\n|gen|9\n|tier|[Gen 9] OU\n|rated|\n|rule|HP Percentage Mod: HP is shown in percentages\n|rule|Endless Battle Clause: Forcing endless battles is banned\n|rule|Species Clause: Limit one of each Pok\u00e9mon\n|rule|OHKO Clause: OHKO moves are banned\n|rule|Evasion Items Clause: Evasion items are banned\n|rule|Evasion Moves Clause: Evasion moves are banned\n|rule|Evasion Abilities Clause: Evasion abilities are banned\n|rule|Sleep Moves Clause: Sleep-inducing moves are banned\n|clearpoke\n|poke|p1|Serperior, M|\n|poke|p1|Skeledirge, F|\n|poke|p1|Ting-Lu|\n|poke|p1|Gholdengo|\n|poke|p1|Rotom-Wash|\n|poke|p1|Weavile, M|\n|poke|p2|Great Tusk|\n|poke|p2|Gholdengo|\n|poke|p2|Raging Bolt|\n|poke|p2|Iron Valiant|\n|poke|p2|Ogerpon-Wellspring, F|\n|poke|p2|Kingambit, M|\n|teampreview\n|inactive|Battle timer is ON: inactive players will automatically lose when time's up. (requested by kangarooteam1)\n|\n|t:|1788295672\n|teamsize|p1|6\n|teamsize|p2|6\n|start\n|switch|p1a: Serperior|Serperior, M, shiny|100/100\n|switch|p2a: Ogerpon|Ogerpon-Wellspring, F|100/100\n|turn|1\n|\n|t:|1788295673\n|move|p1a: Serperior|Leaf Storm|p2a: Ogerpon\n|-damage|p2a: Ogerpon|50/100\n|-boost|p1a: Serperior|spa|2\n|move|p2a: Ogerpon|U-turn|p1a: Serperior\n|-supereffective|p1a: Serperior\n|-damage|p1a: Serperior|42/100\n|\n|t:|1788295675\n|switch|p2a: Kingambit|Kingambit, M|100/100|[from] U-turn\n|\n|-heal|p1a: Serperior|48/100|[from] item: Leftovers\n|upkeep\n|turn|2\n|\n|t:|1788295676\n|switch|p1a: slow cycle|Rotom-Wash|100/100\n|move|p2a: Kingambit|Kowtow Cleave|p1a: slow cycle\n|-damage|p1a: slow cycle|62/100\n|-damage|p2a: Kingambit|84/100|[from] item: Rocky Helmet|[of] p1a: slow cycle\n|\n|-heal|p2a: Kingambit|90/100|[from] item: Leftovers\n|upkeep\n|turn|3\n|\n|t:|1788295680\n|-end|p2a: Kingambit|fallenundefined|[silent]\n|switch|p2a: Raging Bolt|Raging Bolt|100/100\n|move|p1a: slow cycle|Volt Switch|p2a: Raging Bolt\n|-resisted|p2a: Raging Bolt\n|-damage|p2a: Raging Bolt|95/100\n|\n|t:|1788295684\n|switch|p1a: Ting-Lu|Ting-Lu|100/100|[from] Volt Switch\n|-ability|p1a: Ting-Lu|Vessel of Ruin\n|\n|-heal|p2a: Raging Bolt|100/100|[from] item: Leftovers\n|upkeep\n|turn|4\n|\n|t:|1788295686\n|-end|p2a: Raging Bolt|Protosynthesis|[silent]\n|switch|p2a: Ogerpon|Ogerpon-Wellspring, F|50/100\n|switch|p1a: Serperior|Serperior, M, shiny|48/100\n|\n|-heal|p1a: Serperior|54/100|[from] item: Leftovers\n|upkeep\n|turn|5\n|\n|t:|1788295687\n|switch|p2a: Raging Bolt|Raging Bolt|100/100\n|move|p1a: Serperior|Leaf Storm|p2a: Raging Bolt\n|-resisted|p2a: Raging Bolt\n|-damage|p2a: Raging Bolt|84/100\n|-boost|p1a: Serperior|spa|2\n|\n|-heal|p1a: Serperior|61/100|[from] item: Leftovers\n|-heal|p2a: Raging Bolt|90/100|[from] item: Leftovers\n|upkeep\n|turn|6\n|\n|t:|1788295692\n|move|p1a: Serperior|Substitute|p1a: Serperior\n|-start|p1a: Serperior|Substitute\n|-damage|p1a: Serperior|36/100\n|move|p2a: Raging Bolt|Dragon Pulse|p1a: Serperior\n|-end|p1a: Serperior|Substitute\n|\n|-heal|p1a: Serperior|42/100|[from] item: Leftovers\n|-heal|p2a: Raging Bolt|96/100|[from] item: Leftovers\n|upkeep\n|turn|7\n|\n|t:|1788295693\n|switch|p1a: Ting-Lu|Ting-Lu|100/100\n|-ability|p1a: Ting-Lu|Vessel of Ruin\n|move|p2a: Raging Bolt|Dragon Pulse|p1a: Ting-Lu\n|-damage|p1a: Ting-Lu|80/100\n|\n|-heal|p2a: Raging Bolt|100/100|[from] item: Leftovers\n|-heal|p1a: Ting-Lu|86/100|[from] item: Leftovers\n|upkeep\n|turn|8\n|\n|t:|1788295695\n|-end|p2a: Raging Bolt|Protosynthesis|[silent]\n|switch|p2a: Ogerpon|Ogerpon-Wellspring, F|50/100\n|move|p1a: Ting-Lu|Stealth Rock|p2a: Ogerpon\n|-sidestart|p2: kangarooteam1|move: Stealth Rock\n|\n|-heal|p1a: Ting-Lu|93/100|[from] item: Leftovers\n|upkeep\n|turn|9\n|\n|t:|1788295697\n|switch|p1a: Amascut's Promise|Gholdengo|100/100\n|move|p2a: Ogerpon|Ivy Cudgel|p1a: Amascut's Promise|[anim] Ivy Cudgel Water\n|-damage|p1a: Amascut's Promise|36/100\n|\n|upkeep\n|turn|10\n|\n|t:|1788295698\n|move|p1a: Amascut's Promise|Shadow Ball|p2a: Ogerpon\n|-damage|p2a: Ogerpon|3/100\n|move|p2a: Ogerpon|Ivy Cudgel|p1a: Amascut's Promise|[anim] Ivy Cudgel Water\n|-damage|p1a: Amascut's Promise|0 fnt\n|faint|p1a: Amascut's Promise\n|\n|upkeep\n|\n|t:|1788295701\n|switch|p1a: Weavile|Weavile, M|100/100\n|turn|11\n|\n|t:|1788295702\n|move|p1a: Weavile|Knock Off|p2a: Ogerpon\n|-damage|p2a: Ogerpon|0 fnt\n|faint|p2a: Ogerpon\n|\n|upkeep\n|\n|t:|1788295704\n|switch|p2a: Great Tusk|Great Tusk|100/100\n|-damage|p2a: Great Tusk|98/100|[from] Stealth Rock\n|turn|12\n|\n|t:|1788295706\n|move|p1a: Weavile|Icicle Crash|p2a: Great Tusk\n|-supereffective|p2a: Great Tusk\n|-damage|p2a: Great Tusk|57/100\n|move|p2a: Great Tusk|Rapid Spin|p1a: Weavile\n|-damage|p1a: Weavile|77/100\n|-boost|p2a: Great Tusk|spe|1\n|-sideend|p2: kangarooteam1|Stealth Rock|[from] move: Rapid Spin|[of] p2a: Great Tusk\n|\n|-heal|p2a: Great Tusk|64/100|[from] item: Leftovers\n|upkeep\n|turn|13\n|\n|t:|1788295709\n|switch|p1a: slow cycle|Rotom-Wash|62/100\n|move|p2a: Great Tusk|Stealth Rock|p1a: slow cycle\n|-sidestart|p1: fsdfsdfsdfee|move: Stealth Rock\n|\n|-heal|p2a: Great Tusk|70/100|[from] item: Leftovers\n|upkeep\n|turn|14\n|\n|t:|1788295711\n|-end|p2a: Great Tusk|Protosynthesis|[silent]\n|switch|p2a: Raging Bolt|Raging Bolt|100/100\n|move|p1a: slow cycle|Volt Switch|p2a: Raging Bolt\n|-resisted|p2a: Raging Bolt\n|-damage|p2a: Raging Bolt|95/100\n|\n|t:|1788295713\n|switch|p1a: Ting-Lu|Ting-Lu|93/100|[from] Volt Switch\n|-damage|p1a: Ting-Lu|86/100|[from] Stealth Rock\n|-ability|p1a: Ting-Lu|Vessel of Ruin\n|\n|-heal|p2a: Raging Bolt|100/100|[from] item: Leftovers\n|-heal|p1a: Ting-Lu|93/100|[from] item: Leftovers\n|upkeep\n|turn|15\n|\n|t:|1788295714\n|-end|p2a: Raging Bolt|Protosynthesis|[silent]\n|switch|p2a: Gholdengo|Gholdengo|100/100\n|-item|p2a: Gholdengo|Air Balloon\n|move|p1a: Ting-Lu|Stealth Rock|p2a: Gholdengo\n|-sidestart|p2: kangarooteam1|move: Stealth Rock\n|\n|-heal|p1a: Ting-Lu|99/100|[from] item: Leftovers\n|upkeep\n|turn|16\n|\n|t:|1788295715\n|move|p2a: Gholdengo|Nasty Plot|p2a: Gholdengo\n|-boost|p2a: Gholdengo|spa|2\n|move|p1a: Ting-Lu|Ruination|p2a: Gholdengo\n|-damage|p2a: Gholdengo|51/100\n|-enditem|p2a: Gholdengo|Air Balloon\n|\n|-heal|p1a: Ting-Lu|100/100|[from] item: Leftovers\n|upkeep\n|turn|17\n|\n|t:|1788295720\n|-terastallize|p2a: Gholdengo|Fairy\n|move|p2a: Gholdengo|Recover|p2a: Gholdengo\n|-heal|p2a: Gholdengo|100/100\n|move|p1a: Ting-Lu|Earthquake|p2a: Gholdengo\n|-damage|p2a: Gholdengo|66/100\n|\n|upkeep\n|turn|18\n|\n|t:|1788295723\n|move|p2a: Gholdengo|Nasty Plot|p2a: Gholdengo\n|-boost|p2a: Gholdengo|spa|2\n|move|p1a: Ting-Lu|Earthquake|p2a: Gholdengo\n|-damage|p2a: Gholdengo|25/100\n|\n|upkeep\n|turn|19\n|\n|t:|1788295727\n|switch|p1a: Skeledirge|Skeledirge, F|100/100\n|move|p2a: Gholdengo|Recover|p2a: Gholdengo\n|-heal|p2a: Gholdengo|75/100\n|\n|upkeep\n|turn|20\n|\n|t:|1788295729\n|-terastallize|p1a: Skeledirge|Water\n|move|p2a: Gholdengo|Shadow Ball|p1a: Skeledirge\n|-damage|p1a: Skeledirge|70/100\n|move|p1a: Skeledirge|Torch Song|p2a: Gholdengo\n|-damage|p2a: Gholdengo|40/100\n|-boost|p1a: Skeledirge|spa|1\n|\n|upkeep\n|turn|21\n|\n|t:|1788295734\n|move|p2a: Gholdengo|Recover|p2a: Gholdengo\n|-heal|p2a: Gholdengo|90/100\n|move|p1a: Skeledirge|Torch Song|p2a: Gholdengo\n|-damage|p2a: Gholdengo|34/100\n|-boost|p1a: Skeledirge|spa|1\n|\n|upkeep\n|turn|22\n|\n|t:|1788295735\n|move|p2a: Gholdengo|Shadow Ball|p1a: Skeledirge\n|-damage|p1a: Skeledirge|41/100\n|move|p1a: Skeledirge|Torch Song|p2a: Gholdengo\n|-damage|p2a: Gholdengo|0 fnt\n|-boost|p1a: Skeledirge|spa|1\n|faint|p2a: Gholdengo\n|\n|upkeep\n|\n|t:|1788295736\n|switch|p2a: Iron Valiant|Iron Valiant|100/100\n|-damage|p2a: Iron Valiant|94/100|[from] Stealth Rock\n|-enditem|p2a: Iron Valiant|Booster Energy\n|-activate|p2a: Iron Valiant|ability: Quark Drive|[fromitem]\n|-start|p2a: Iron Valiant|quarkdrivespe\n|turn|23\n|\n|t:|1788295738\n|move|p2a: Iron Valiant|Thunderbolt|p1a: Skeledirge\n|-supereffective|p1a: Skeledirge\n|-damage|p1a: Skeledirge|0 fnt\n|faint|p1a: Skeledirge\n|\n|upkeep\n|\n|t:|1788295743\n|switch|p1a: Ting-Lu|Ting-Lu|100/100\n|-damage|p1a: Ting-Lu|94/100|[from] Stealth Rock\n|-ability|p1a: Ting-Lu|Vessel of Ruin\n|turn|24\n|\n|t:|1788295744\n|move|p2a: Iron Valiant|Close Combat|p1a: Ting-Lu\n|-supereffective|p1a: Ting-Lu\n|-damage|p1a: Ting-Lu|46/100\n|-unboost|p2a: Iron Valiant|def|1\n|-unboost|p2a: Iron Valiant|spd|1\n|move|p1a: Ting-Lu|Earthquake|p2a: Iron Valiant\n|-damage|p2a: Iron Valiant|32/100\n|\n|-heal|p1a: Ting-Lu|52/100|[from] item: Leftovers\n|upkeep\n|turn|25\n|\n|t:|1788295747\n|move|p2a: Iron Valiant|Close Combat|p1a: Ting-Lu\n|-supereffective|p1a: Ting-Lu\n|-damage|p1a: Ting-Lu|0 fnt\n|-unboost|p2a: Iron Valiant|def|1\n|-unboost|p2a: Iron Valiant|spd|1\n|faint|p1a: Ting-Lu\n|\n|upkeep\n|\n|t:|1788295749\n|switch|p1a: Weavile|Weavile, M|77/100\n|turn|26\n|\n|t:|1788295750\n|move|p1a: Weavile|Ice Shard|p2a: Iron Valiant\n|-damage|p2a: Iron Valiant|0 fnt\n|faint|p2a: Iron Valiant\n|-end|p2a: Iron Valiant|Quark Drive|[silent]\n|\n|upkeep\n|\n|t:|1788295750\n|switch|p2a: Kingambit|Kingambit, M|90/100\n|-damage|p2a: Kingambit|84/100|[from] Stealth Rock\n|-activate|p2a: Kingambit|ability: Supreme Overlord\n|-start|p2a: Kingambit|fallen3|[silent]\n|turn|27\n|\n|t:|1788295752\n|move|p1a: Weavile|Low Kick|p2a: Kingambit\n|-supereffective|p2a: Kingambit\n|-damage|p2a: Kingambit|0 fnt\n|faint|p2a: Kingambit\n|-end|p2a: Kingambit|fallen3|[silent]\n|\n|upkeep\n|\n|t:|1788295752\n|switch|p2a: Great Tusk|Great Tusk|70/100\n|-damage|p2a: Great Tusk|67/100|[from] Stealth Rock\n|turn|28\n|\n|t:|1788295754\n|switch|p1a: slow cycle|Rotom-Wash|62/100\n|-damage|p1a: slow cycle|50/100|[from] Stealth Rock\n|move|p2a: Great Tusk|Earthquake|p1a: slow cycle\n|-immune|p1a: slow cycle|[from] ability: Levitate\n|\n|-heal|p2a: Great Tusk|73/100|[from] item: Leftovers\n|upkeep\n|turn|29\n|\n|t:|1788295757\n|-end|p2a: Great Tusk|Protosynthesis|[silent]\n|switch|p2a: Raging Bolt|Raging Bolt|100/100\n|-damage|p2a: Raging Bolt|88/100|[from] Stealth Rock\n|move|p1a: slow cycle|Volt Switch|p2a: Raging Bolt\n|-resisted|p2a: Raging Bolt\n|-damage|p2a: Raging Bolt|84/100\n|\n|t:|1788295759\n|switch|p1a: Weavile|Weavile, M|77/100|[from] Volt Switch\n|\n|-heal|p2a: Raging Bolt|90/100|[from] item: Leftovers\n|upkeep\n|turn|30\n|\n|t:|1788295759\n|move|p1a: Weavile|Icicle Crash|p2a: Raging Bolt\n|-supereffective|p2a: Raging Bolt\n|-damage|p2a: Raging Bolt|22/100\n|move|p2a: Raging Bolt|Thunderbolt|p1a: Weavile\n|-damage|p1a: Weavile|0 fnt\n|faint|p1a: Weavile\n|\n|-heal|p2a: Raging Bolt|28/100|[from] item: Leftovers\n|upkeep\n|\n|t:|1788295762\n|switch|p1a: Serperior|Serperior, M, shiny|42/100\n|-damage|p1a: Serperior|30/100|[from] Stealth Rock\n|turn|31\n|\n|t:|1788295763\n|move|p1a: Serperior|Leaf Storm|p2a: Raging Bolt\n|-resisted|p2a: Raging Bolt\n|-damage|p2a: Raging Bolt|10/100\n|-boost|p1a: Serperior|spa|2\n|move|p2a: Raging Bolt|Dragon Pulse|p1a: Serperior\n|-crit|p1a: Serperior\n|-damage|p1a: Serperior|0 fnt\n|faint|p1a: Serperior\n|\n|-heal|p2a: Raging Bolt|16/100|[from] item: Leftovers\n|upkeep\n|\n|t:|1788295764\n|switch|p1a: slow cycle|Rotom-Wash|50/100\n|-damage|p1a: slow cycle|37/100|[from] Stealth Rock\n|turn|32\n|\n|t:|1788295765\n|move|p2a: Raging Bolt|Thunderclap||[still]\n|-fail|p2a: Raging Bolt\n|move|p1a: slow cycle|Will-O-Wisp|p2a: Raging Bolt|[miss]\n|-miss|p1a: slow cycle|p2a: Raging Bolt\n|\n|-heal|p2a: Raging Bolt|22/100|[from] item: Leftovers\n|upkeep\n|turn|33\n|\n|t:|1788295768\n|move|p2a: Raging Bolt|Thunderclap|p1a: slow cycle\n|-damage|p1a: slow cycle|0 fnt\n|faint|p1a: slow cycle\n|\n|win|kangarooteam1\n|raw|fsdfsdfsdfee's rating: 1525 &rarr; <strong>1513</strong><br />(-12 for losing)\n|raw|kangarooteam1's rating: 1672 &rarr; <strong>1684</strong><br />(+12 for winning)\n", "uploadtime": 1788295769, "views": "0", "formatid": "gen9ou", "rating": 1513, "private": 0, "password": null}