{"id": "gen9ou-2673856061", "format": "[Gen 9] OU", "players": ["2A6O5+++", "potentiallyafraud?"], "log": "|j|\u26062A6O5+++\n|j|\u2606potentiallyafraud?\n|t:|1788269148\n|gametype|singles\n|player|p1|2A6O5+++|nate|1360\n|player|p2|potentiallyafraud?|clerkf|1391\n|gen|9\n|tier|[Gen 9] OU\n|rated|\n|rule|HP Percentage Mod: HP is shown in percentages\n|rule|Endless Battle Clause: Forcing endless battles is banned\n|rule|Species Clause: Limit one of each Pok\u00e9mon\n|rule|OHKO Clause: OHKO moves are banned\n|rule|Evasion Items Clause: Evasion items are banned\n|rule|Evasion Moves Clause: Evasion moves are banned\n|rule|Evasion Abilities Clause: Evasion abilities are banned\n|rule|Sleep Moves Clause: Sleep-inducing moves are banned\n|clearpoke\n|poke|p1|Ninetales, F|\n|poke|p1|Lilligant-Hisui, F|\n|poke|p1|Walking Wake|\n|poke|p1|Hatterene, F|\n|poke|p1|Great Tusk|\n|poke|p1|Typhlosion-Hisui, M|\n|poke|p2|Kingambit, F|\n|poke|p2|Ceruledge, F|\n|poke|p2|Zapdos|\n|poke|p2|Iron Valiant|\n|poke|p2|Primarina, M|\n|poke|p2|Great Tusk|\n|teampreview\n|inactive|Battle timer is ON: inactive players will automatically lose when time's up. (requested by potentiallyafraud?)\n|inactive|2A6O5+++ has 120 seconds left.\n|inactive|potentiallyafraud? has 120 seconds left.\n|\n|t:|1788269207\n|teamsize|p1|6\n|teamsize|p2|6\n|start\n|switch|p1a: Lilligant|Lilligant-Hisui, F|100/100\n|switch|p2a: Ceruledge|Ceruledge, F, shiny|100/100\n|turn|1\n|\n|t:|1788269216\n|switch|p1a: Great Tusk|Great Tusk|100/100\n|move|p2a: Ceruledge|Bitter Blade|p1a: Great Tusk\n|-damage|p1a: Great Tusk|69/100\n|\n|upkeep\n|turn|2\n|\n|t:|1788269223\n|switch|p2a: Zapdos|Zapdos, shiny|100/100\n|move|p1a: Great Tusk|Stone Edge|p2a: Zapdos\n|-supereffective|p2a: Zapdos\n|-crit|p2a: Zapdos\n|-damage|p2a: Zapdos|32/100\n|\n|upkeep\n|turn|3\n|\n|t:|1788269230\n|-end|p1a: Great Tusk|Protosynthesis|[silent]\n|switch|p1a: Ninetales|Ninetales, F|100/100\n|-weather|SunnyDay|[from] ability: Drought|[of] p1a: Ninetales\n|switch|p2a: Great Tusk|Great Tusk, shiny|100/100\n|-activate|p2a: Great Tusk|ability: Protosynthesis\n|-start|p2a: Great Tusk|protosynthesisatk\n|\n|-weather|SunnyDay|[upkeep]\n|upkeep\n|turn|4\n|\n|t:|1788269254\n|switch|p1a: Lilligant|Lilligant-Hisui, F|100/100\n|move|p2a: Great Tusk|Rapid Spin|p1a: Lilligant\n|-damage|p1a: Lilligant|72/100\n|-boost|p2a: Great Tusk|spe|1\n|\n|-weather|SunnyDay|[upkeep]\n|upkeep\n|turn|5\n|\n|t:|1788269269\n|switch|p1a: Hatterene|Hatterene, F|100/100\n|-terastallize|p2a: Great Tusk|Fire\n|move|p2a: Great Tusk|Ice Spinner|p1a: Hatterene\n|-damage|p1a: Hatterene|62/100\n|-enditem|p1a: Hatterene|Eject Button\n|\n|t:|1788269277\n|switch|p1a: Walking Wake|Walking Wake|100/100\n|-activate|p1a: Walking Wake|ability: Protosynthesis\n|-start|p1a: Walking Wake|protosynthesisspe\n|\n|-weather|SunnyDay|[upkeep]\n|upkeep\n|turn|6\n|\n|t:|1788269290\n|-end|p2a: Great Tusk|Protosynthesis|[silent]\n|switch|p2a: Primarina|Primarina, M, shiny|100/100\n|-terastallize|p1a: Walking Wake|Water\n|move|p1a: Walking Wake|Hydro Steam|p2a: Primarina\n|-resisted|p2a: Primarina\n|-damage|p2a: Primarina|72/100\n|\n|-weather|SunnyDay|[upkeep]\n|upkeep\n|turn|7\n|\n|t:|1788269315\n|move|p1a: Walking Wake|Hydro Steam|p2a: Primarina\n|-resisted|p2a: Primarina\n|-damage|p2a: Primarina|47/100\n|move|p2a: Primarina|Moonblast|p1a: Walking Wake\n|-damage|p1a: Walking Wake|50/100\n|\n|-weather|SunnyDay|[upkeep]\n|upkeep\n|turn|8\n|inactive|2A6O5+++ has 120 seconds left.\n|\n|t:|1788269333\n|-end|p1a: Walking Wake|Protosynthesis|[silent]\n|switch|p1a: Typhlosion|Typhlosion-Hisui, M|100/100\n|move|p2a: Primarina|Moonblast|p1a: Typhlosion\n|-resisted|p1a: Typhlosion\n|-damage|p1a: Typhlosion|68/100\n|\n|-weather|SunnyDay|[upkeep]\n|upkeep\n|turn|9\n|\n|t:|1788269346\n|move|p1a: Typhlosion|Shadow Ball|p2a: Primarina\n|-damage|p2a: Primarina|31/100\n|-unboost|p2a: Primarina|spd|1\n|move|p2a: Primarina|Psychic Noise|p1a: Typhlosion\n|-supereffective|p1a: Typhlosion\n|-damage|p1a: Typhlosion|21/100\n|-start|p1a: Typhlosion|move: Heal Block\n|\n|-weather|SunnyDay|[upkeep]\n|upkeep\n|turn|10\n|inactive|2A6O5+++ has 120 seconds left.\n|\n|t:|1788269369\n|switch|p1a: Lilligant|Lilligant-Hisui, F|72/100\n|move|p2a: Primarina|Flip Turn|p1a: Lilligant\n|-resisted|p1a: Lilligant\n|-crit|p1a: Lilligant\n|-damage|p1a: Lilligant|66/100\n|\n|t:|1788269383\n|switch|p2a: Ceruledge|Ceruledge, F, shiny|100/100|[from] Flip Turn\n|\n|-weather|none\n|upkeep\n|turn|11\n|\n|t:|1788269389\n|switch|p1a: Great Tusk|Great Tusk|69/100\n|move|p2a: Ceruledge|Swords Dance|p2a: Ceruledge\n|-boost|p2a: Ceruledge|atk|2\n|\n|upkeep\n|turn|12\n|\n|t:|1788269396\n|switch|p2a: Great Tusk|Great Tusk, shiny, tera:Fire|100/100\n|move|p1a: Great Tusk|Headlong Rush|p2a: Great Tusk\n|-supereffective|p2a: Great Tusk\n|-damage|p2a: Great Tusk|12/100\n|-unboost|p1a: Great Tusk|def|1\n|-unboost|p1a: Great Tusk|spd|1\n|\n|upkeep\n|turn|13\n|inactive|2A6O5+++ has 120 seconds left.\n|\n|t:|1788269422\n|-end|p1a: Great Tusk|Protosynthesis|[silent]\n|switch|p1a: Lilligant|Lilligant-Hisui, F|66/100\n|move|p2a: Great Tusk|Headlong Rush|p1a: Lilligant\n|-resisted|p1a: Lilligant\n|-damage|p1a: Lilligant|24/100\n|-unboost|p2a: Great Tusk|def|1\n|-unboost|p2a: Great Tusk|spd|1\n|\n|upkeep\n|turn|14\n|inactive|2A6O5+++ has 120 seconds left.\n|\n|t:|1788269434\n|move|p1a: Lilligant|Leaf Blade|p2a: Great Tusk\n|-resisted|p2a: Great Tusk\n|-damage|p2a: Great Tusk|0 fnt\n|faint|p2a: Great Tusk\n|-end|p2a: Great Tusk|Protosynthesis|[silent]\n|\n|upkeep\n|\n|t:|1788269438\n|switch|p2a: Ceruledge|Ceruledge, F, shiny|100/100\n|turn|15\n|inactive|2A6O5+++ has 120 seconds left.\n|\n|t:|1788269449\n|switch|p1a: Great Tusk|Great Tusk|69/100\n|move|p2a: Ceruledge|Bitter Blade|p1a: Great Tusk\n|-damage|p1a: Great Tusk|35/100\n|\n|upkeep\n|turn|16\n|inactive|2A6O5+++ has 120 seconds left.\n|\n|t:|1788269460\n|switch|p2a: Zapdos|Zapdos, shiny|32/100\n|move|p1a: Great Tusk|Headlong Rush|p2a: Zapdos\n|-immune|p2a: Zapdos\n|\n|upkeep\n|turn|17\n|\n|t:|1788269471\n|-end|p1a: Great Tusk|Protosynthesis|[silent]\n|switch|p1a: Ninetales|Ninetales, F|100/100\n|-weather|SunnyDay|[from] ability: Drought|[of] p1a: Ninetales\n|switch|p2a: Iron Valiant|Iron Valiant, shiny|100/100\n|\n|-weather|SunnyDay|[upkeep]\n|upkeep\n|turn|18\n|\n|t:|1788269485\n|-end|p2a: Iron Valiant|Quark Drive|[silent]\n|switch|p2a: Primarina|Primarina, M, shiny|31/100\n|move|p1a: Ninetales|Weather Ball|p2a: Primarina\n|-resisted|p2a: Primarina\n|-damage|p2a: Primarina|21/100\n|\n|-weather|SunnyDay|[upkeep]\n|upkeep\n|turn|19\n|\n|t:|1788269491\n|switch|p1a: Lilligant|Lilligant-Hisui, F|24/100\n|move|p2a: Primarina|Flip Turn|p1a: Lilligant\n|-resisted|p1a: Lilligant\n|-damage|p1a: Lilligant|19/100\n|\n|t:|1788269496\n|switch|p2a: Ceruledge|Ceruledge, F, shiny|100/100|[from] Flip Turn\n|\n|-weather|SunnyDay|[upkeep]\n|upkeep\n|turn|20\n|inactive|potentiallyafraud? has 120 seconds left.\n|\n|t:|1788269531\n|switch|p1a: Great Tusk|Great Tusk|35/100\n|-activate|p1a: Great Tusk|ability: Protosynthesis\n|-start|p1a: Great Tusk|protosynthesisatk\n|move|p2a: Ceruledge|Bitter Blade|p1a: Great Tusk\n|-damage|p1a: Great Tusk|0 fnt\n|faint|p1a: Great Tusk\n|-end|p1a: Great Tusk|Protosynthesis|[silent]\n|\n|-weather|SunnyDay|[upkeep]\n|upkeep\n|\n|t:|1788269539\n|switch|p1a: Walking Wake|Walking Wake, tera:Water|50/100\n|-activate|p1a: Walking Wake|ability: Protosynthesis\n|-start|p1a: Walking Wake|protosynthesisspe\n|turn|21\n|\n|t:|1788269549\n|switch|p2a: Zapdos|Zapdos, shiny|32/100\n|move|p1a: Walking Wake|Hydro Steam|p2a: Zapdos\n|-damage|p2a: Zapdos|0 fnt\n|faint|p2a: Zapdos\n|\n|-weather|SunnyDay|[upkeep]\n|upkeep\n|\n|t:|1788269555\n|switch|p2a: Kingambit|Kingambit, F, shiny|100/100\n|-activate|p2a: Kingambit|ability: Supreme Overlord\n|-start|p2a: Kingambit|fallen2|[silent]\n|turn|22\n|\n|t:|1788269569\n|-end|p1a: Walking Wake|Protosynthesis|[silent]\n|switch|p1a: Lilligant|Lilligant-Hisui, F|19/100\n|-end|p2a: Kingambit|fallen2|[silent]\n|switch|p2a: Primarina|Primarina, M, shiny|21/100\n|\n|-weather|SunnyDay|[upkeep]\n|upkeep\n|turn|23\n|\n|t:|1788269582\n|move|p1a: Lilligant|Leaf Blade|p2a: Primarina\n|-supereffective|p2a: Primarina\n|-damage|p2a: Primarina|0 fnt\n|faint|p2a: Primarina\n|\n|-weather|SunnyDay|[upkeep]\n|upkeep\n|\n|t:|1788269584\n|switch|p2a: Ceruledge|Ceruledge, F, shiny|100/100\n|turn|24\n|\n|t:|1788269595\n|switch|p1a: Ninetales|Ninetales, F|100/100\n|move|p2a: Ceruledge|Swords Dance|p2a: Ceruledge\n|-boost|p2a: Ceruledge|atk|2\n|\n|-weather|none\n|upkeep\n|turn|25\n|\n|t:|1788269606\n|move|p1a: Ninetales|Encore|p2a: Ceruledge\n|-start|p2a: Ceruledge|Encore\n|move|p2a: Ceruledge|Swords Dance|p2a: Ceruledge\n|-boost|p2a: Ceruledge|atk|2\n|\n|upkeep\n|turn|26\n|\n|t:|1788269618\n|switch|p1a: Typhlosion|Typhlosion-Hisui, M|21/100\n|switch|p2a: Iron Valiant|Iron Valiant, shiny|100/100\n|\n|upkeep\n|turn|27\n|\n|t:|1788269628\n|move|p1a: Typhlosion|Fire Blast|p2a: Iron Valiant\n|-damage|p2a: Iron Valiant|0 fnt\n|faint|p2a: Iron Valiant\n|-end|p2a: Iron Valiant|Quark Drive|[silent]\n|\n|upkeep\n|\n|t:|1788269631\n|switch|p2a: Ceruledge|Ceruledge, F, shiny|100/100\n|turn|28\n|\n|t:|1788269635\n|switch|p1a: Ninetales|Ninetales, F|100/100\n|-weather|SunnyDay|[from] ability: Drought|[of] p1a: Ninetales\n|move|p2a: Ceruledge|Swords Dance|p2a: Ceruledge\n|-boost|p2a: Ceruledge|atk|2\n|\n|-weather|SunnyDay|[upkeep]\n|upkeep\n|turn|29\n|\n|t:|1788269642\n|move|p2a: Ceruledge|Shadow Sneak|p1a: Ninetales\n|-damage|p1a: Ninetales|46/100\n|move|p1a: Ninetales|Encore|p2a: Ceruledge\n|-start|p2a: Ceruledge|Encore\n|\n|-weather|SunnyDay|[upkeep]\n|upkeep\n|turn|30\n|inactive|2A6O5+++ has 120 seconds left.\n|inactive|2A6O5+++ has 90 seconds left.\n|\n|t:|1788269709\n|switch|p1a: Lilligant|Lilligant-Hisui, F|19/100\n|move|p2a: Ceruledge|Shadow Sneak|p1a: Lilligant\n|-damage|p1a: Lilligant|0 fnt\n|faint|p1a: Lilligant\n|\n|-weather|SunnyDay|[upkeep]\n|upkeep\n|\n|t:|1788269711\n|switch|p1a: Walking Wake|Walking Wake, tera:Water|50/100\n|-activate|p1a: Walking Wake|ability: Protosynthesis\n|-start|p1a: Walking Wake|protosynthesisspe\n|turn|31\n|\n|t:|1788269717\n|move|p2a: Ceruledge|Shadow Sneak|p1a: Walking Wake\n|-damage|p1a: Walking Wake|6/100\n|move|p1a: Walking Wake|Hydro Steam|p2a: Ceruledge\n|-supereffective|p2a: Ceruledge\n|-damage|p2a: Ceruledge|0 fnt\n|faint|p2a: Ceruledge\n|\n|-weather|SunnyDay|[upkeep]\n|upkeep\n|\n|t:|1788269719\n|switch|p2a: Kingambit|Kingambit, F, shiny|100/100\n|-activate|p2a: Kingambit|ability: Supreme Overlord\n|-start|p2a: Kingambit|fallen5|[silent]\n|turn|32\n|\n|t:|1788269734\n|move|p1a: Walking Wake|Hydro Steam|p2a: Kingambit\n|-damage|p2a: Kingambit|0 fnt\n|faint|p2a: Kingambit\n|-end|p2a: Kingambit|fallen5|[silent]\n|\n|win|2A6O5+++\n|raw|2A6O5+++'s rating: 1360 &rarr; <strong>1382</strong><br />(+22 for winning)\n|raw|potentiallyafraud?'s rating: 1391 &rarr; <strong>1369</strong><br />(-22 for losing)\n|l|\u2606potentiallyafraud?\n|player|p2|\n|l|\u26062A6O5+++\n|player|p1|\n", "uploadtime": 1788269989, "views": "1", "formatid": "gen9ou", "rating": 1369, "private": 0, "password": null}