{"id": "gen9ou-2673991767", "format": "[Gen 9] OU", "players": ["Prav33n", "acidosis"], "log": "|j|\u2606Prav33n\n|j|\u2606acidosis\n|t:|1788285701\n|gametype|singles\n|player|p1|Prav33n|koga|1591\n|player|p2|acidosis|102|1666\n|gen|9\n|tier|[Gen 9] OU\n|rated|\n|rule|HP Percentage Mod: HP is shown in percentages\n|rule|Endless Battle Clause: Forcing endless battles is banned\n|rule|Species Clause: Limit one of each Pok\u00e9mon\n|rule|OHKO Clause: OHKO moves are banned\n|rule|Evasion Items Clause: Evasion items are banned\n|rule|Evasion Moves Clause: Evasion moves are banned\n|rule|Evasion Abilities Clause: Evasion abilities are banned\n|rule|Sleep Moves Clause: Sleep-inducing moves are banned\n|clearpoke\n|poke|p1|Samurott-Hisui, F|\n|poke|p1|Gholdengo|\n|poke|p1|Gliscor, F|\n|poke|p1|Zamazenta-*|\n|poke|p1|Kyurem|\n|poke|p1|Glimmora, F|\n|poke|p2|Moltres-Galar|\n|poke|p2|Ninetales-Alola, F|\n|poke|p2|Garchomp, M|\n|poke|p2|Jirachi|\n|poke|p2|Iron Valiant|\n|poke|p2|Snorlax, F|\n|teampreview\n|inactive|Battle timer is ON: inactive players will automatically lose when time's up. (requested by Prav33n)\n|\n|t:|1788285709\n|teamsize|p1|6\n|teamsize|p2|6\n|start\n|switch|p1a: Kyurem|Kyurem, shiny|100/100\n|switch|p2a: Garchomp|Garchomp, M|100/100\n|-ability|p1a: Kyurem|Pressure\n|turn|1\n|\n|t:|1788285719\n|switch|p2a: Ninetales|Ninetales-Alola, F, shiny|100/100\n|-weather|Snowscape|[from] ability: Snow Warning|[of] p2a: Ninetales\n|-terastallize|p1a: Kyurem|Fairy\n|move|p1a: Kyurem|Ice Beam|p2a: Ninetales\n|-resisted|p2a: Ninetales\n|-damage|p2a: Ninetales|78/100\n|\n|-weather|Snowscape|[upkeep]\n|upkeep\n|turn|2\n|\n|t:|1788285724\n|move|p2a: Ninetales|Aurora Veil|p2a: Ninetales\n|-sidestart|p2: acidosis|move: Aurora Veil\n|move|p1a: Kyurem|Earth Power|p2a: Ninetales\n|-damage|p2a: Ninetales|62/100\n|\n|-weather|Snowscape|[upkeep]\n|upkeep\n|turn|3\n|\n|t:|1788285732\n|switch|p2a: Jirachi|Jirachi, shiny|100/100\n|switch|p1a: Glimmora|Glimmora, F|100/100\n|\n|-weather|Snowscape|[upkeep]\n|upkeep\n|turn|4\n|\n|t:|1788285739\n|switch|p1a: Gholdengo|Gholdengo|100/100\n|move|p2a: Jirachi|Iron Defense|p2a: Jirachi\n|-boost|p2a: Jirachi|def|2\n|\n|-weather|Snowscape|[upkeep]\n|upkeep\n|turn|5\n|\n|t:|1788285741\n|switch|p2a: Moltres|Moltres-Galar, shiny|100/100\n|move|p1a: Gholdengo|Nasty Plot|p1a: Gholdengo\n|-boost|p1a: Gholdengo|spa|2\n|\n|-weather|none\n|upkeep\n|turn|6\n|\n|t:|1788285749\n|switch|p1a: Kyurem|Kyurem, shiny, tera:Fairy|100/100\n|-ability|p1a: Kyurem|Pressure\n|move|p2a: Moltres|Fiery Wrath|p1a: Kyurem\n|-resisted|p1a: Kyurem\n|-damage|p1a: Kyurem|89/100\n|\n|upkeep\n|turn|7\n|\n|t:|1788285754\n|switch|p2a: Jirachi|Jirachi, shiny|100/100\n|move|p1a: Kyurem|Ice Beam|p2a: Jirachi\n|-resisted|p2a: Jirachi\n|-damage|p2a: Jirachi|89/100\n|\n|upkeep\n|turn|8\n|\n|t:|1788285761\n|switch|p1a: Gholdengo|Gholdengo|100/100\n|move|p2a: Jirachi|Calm Mind|p2a: Jirachi\n|-boost|p2a: Jirachi|spa|1\n|-boost|p2a: Jirachi|spd|1\n|\n|upkeep\n|turn|9\n|\n|t:|1788285764\n|move|p2a: Jirachi|Calm Mind|p2a: Jirachi\n|-boost|p2a: Jirachi|spa|1\n|-boost|p2a: Jirachi|spd|1\n|move|p1a: Gholdengo|Nasty Plot|p1a: Gholdengo\n|-boost|p1a: Gholdengo|spa|2\n|\n|-sideend|p2: acidosis|move: Aurora Veil\n|upkeep\n|turn|10\n|\n|t:|1788285768\n|-terastallize|p2a: Jirachi|Fighting\n|move|p2a: Jirachi|Stored Power|p1a: Gholdengo\n|-resisted|p1a: Gholdengo\n|-crit|p1a: Gholdengo\n|-damage|p1a: Gholdengo|26/100\n|move|p1a: Gholdengo|Nasty Plot|p1a: Gholdengo\n|-boost|p1a: Gholdengo|spa|2\n|\n|upkeep\n|turn|11\n|\n|t:|1788285774\n|move|p2a: Jirachi|Stored Power|p1a: Gholdengo\n|-resisted|p1a: Gholdengo\n|-damage|p1a: Gholdengo|0 fnt\n|faint|p1a: Gholdengo\n|\n|upkeep\n|\n|t:|1788285782\n|switch|p1a: Samurott|Samurott-Hisui, F|100/100\n|turn|12\n|\n|t:|1788285789\n|move|p1a: Samurott|Flip Turn|p2a: Jirachi\n|-damage|p2a: Jirachi|60/100\n|\n|t:|1788285797\n|switch|p1a: Glimmora|Glimmora, F|100/100|[from] Flip Turn\n|move|p2a: Jirachi|Aura Sphere|p1a: Glimmora\n|-damage|p1a: Glimmora|34/100\n|-enditem|p1a: Glimmora|Red Card|[of] p2a: Jirachi\n|drag|p2a: Iron Valiant|Iron Valiant, shiny|100/100\n|-enditem|p2a: Iron Valiant|Booster Energy\n|-activate|p2a: Iron Valiant|ability: Quark Drive|[fromitem]\n|-start|p2a: Iron Valiant|quarkdrivespe\n|\n|upkeep\n|turn|13\n|\n|t:|1788285805\n|-end|p2a: Iron Valiant|Quark Drive|[silent]\n|switch|p2a: Ninetales|Ninetales-Alola, F, shiny|62/100\n|-weather|Snowscape|[from] ability: Snow Warning|[of] p2a: Ninetales\n|move|p1a: Glimmora|Stealth Rock|p2a: Ninetales\n|-sidestart|p2: acidosis|move: Stealth Rock\n|\n|-weather|Snowscape|[upkeep]\n|upkeep\n|turn|14\n|\n|t:|1788285811\n|switch|p1a: Samurott|Samurott-Hisui, F|100/100\n|move|p2a: Ninetales|Aurora Veil|p2a: Ninetales\n|-sidestart|p2: acidosis|move: Aurora Veil\n|\n|-weather|Snowscape|[upkeep]\n|upkeep\n|turn|15\n|\n|t:|1788285817\n|switch|p2a: Jirachi|Jirachi, shiny, tera:Fighting|60/100\n|-damage|p2a: Jirachi|54/100|[from] Stealth Rock\n|move|p1a: Samurott|Flip Turn|p2a: Jirachi\n|-damage|p2a: Jirachi|40/100\n|\n|t:|1788285825\n|switch|p1a: Zamazenta|Zamazenta|100/100|[from] Flip Turn\n|-ability|p1a: Zamazenta|Dauntless Shield|boost\n|-boost|p1a: Zamazenta|def|1\n|\n|-weather|Snowscape|[upkeep]\n|upkeep\n|turn|16\n|\n|t:|1788285828\n|move|p1a: Zamazenta|Iron Defense|p1a: Zamazenta\n|-boost|p1a: Zamazenta|def|2\n|move|p2a: Jirachi|Iron Defense|p2a: Jirachi\n|-boost|p2a: Jirachi|def|2\n|\n|-weather|Snowscape|[upkeep]\n|upkeep\n|turn|17\n|\n|t:|1788285830\n|move|p2a: Jirachi|Iron Defense|p2a: Jirachi\n|-boost|p2a: Jirachi|def|2\n|move|p1a: Zamazenta|Roar|p2a: Jirachi\n|drag|p2a: Snorlax|Snorlax, F|100/100\n|-damage|p2a: Snorlax|88/100|[from] Stealth Rock\n|\n|-weather|none\n|-heal|p2a: Snorlax|94/100|[from] item: Leftovers\n|upkeep\n|turn|18\n|-message|acidosis forfeited.\n|\n|win|Prav33n\n|raw|Prav33n's rating: 1591 &rarr; <strong>1615</strong><br />(+24 for winning)\n|raw|acidosis's rating: 1666 &rarr; <strong>1642</strong><br />(-24 for losing)\n|l|\u2606acidosis\n|player|p2|\n|j| pawwwwterrnnn\n|l|\u2606Prav33n\n|player|p1|\n", "uploadtime": 1788285845, "views": "0", "formatid": "gen9ou", "rating": 1615, "private": 0, "password": null}