{"id": "gen9ou-2673938457", "format": "[Gen 9] OU", "players": ["guilmon2009", "kangarooteam1"], "log": "|j|\u2606guilmon2009\n|j|\u2606kangarooteam1\n|t:|1788279461\n|gametype|singles\n|player|p1|guilmon2009|266|1524\n|player|p2|kangarooteam1|1|1580\n|gen|9\n|tier|[Gen 9] OU\n|rated|\n|rule|HP Percentage Mod: HP is shown in percentages\n|rule|Endless Battle Clause: Forcing endless battles is banned\n|rule|Species Clause: Limit one of each Pok\u00e9mon\n|rule|OHKO Clause: OHKO moves are banned\n|rule|Evasion Items Clause: Evasion items are banned\n|rule|Evasion Moves Clause: Evasion moves are banned\n|rule|Evasion Abilities Clause: Evasion abilities are banned\n|rule|Sleep Moves Clause: Sleep-inducing moves are banned\n|clearpoke\n|poke|p1|Kingambit, F|\n|poke|p1|Great Tusk|\n|poke|p1|Alomomola, M|\n|poke|p1|Slowking-Galar, F|\n|poke|p1|Iron Valiant|\n|poke|p1|Moltres|\n|poke|p2|Great Tusk|\n|poke|p2|Gholdengo|\n|poke|p2|Raging Bolt|\n|poke|p2|Iron Valiant|\n|poke|p2|Ogerpon-Wellspring, F|\n|poke|p2|Kingambit, M|\n|teampreview\n|inactive|Battle timer is ON: inactive players will automatically lose when time's up. (requested by kangarooteam1)\n|\n|t:|1788279481\n|teamsize|p1|6\n|teamsize|p2|6\n|start\n|switch|p1a: Slowking|Slowking-Galar, F|100/100\n|switch|p2a: Raging Bolt|Raging Bolt|100/100\n|turn|1\n|\n|t:|1788279487\n|move|p2a: Raging Bolt|Calm Mind|p2a: Raging Bolt\n|-boost|p2a: Raging Bolt|spa|1\n|-boost|p2a: Raging Bolt|spd|1\n|move|p1a: Slowking|Future Sight|p2a: Raging Bolt\n|-start|p1a: Slowking|move: Future Sight\n|\n|upkeep\n|turn|2\n|\n|t:|1788279506\n|move|p2a: Raging Bolt|Calm Mind|p2a: Raging Bolt\n|-boost|p2a: Raging Bolt|spa|1\n|-boost|p2a: Raging Bolt|spd|1\n|move|p1a: Slowking|Sludge Bomb|p2a: Raging Bolt\n|-damage|p2a: Raging Bolt|87/100\n|\n|-heal|p2a: Raging Bolt|93/100|[from] item: Leftovers\n|upkeep\n|turn|3\n|\n|t:|1788279515\n|move|p2a: Raging Bolt|Dragon Pulse|p1a: Slowking\n|-damage|p1a: Slowking|42/100\n|-prepare|p1a: Slowking|Chilly Reception|[premajor]\n|move|p1a: Slowking|Chilly Reception|p1a: Slowking\n|-weather|Snowscape\n|\n|t:|1788279535\n|switch|p1a: Iron Valiant|Iron Valiant|100/100|[from] Chilly Reception\n|\n|-weather|Snowscape|[upkeep]\n|-end|p2a: Raging Bolt|move: Future Sight\n|-damage|p2a: Raging Bolt|75/100\n|-heal|p2a: Raging Bolt|81/100|[from] item: Leftovers\n|upkeep\n|turn|4\n|\n|t:|1788279542\n|move|p2a: Raging Bolt|Thunderclap||[still]\n|-fail|p2a: Raging Bolt\n|move|p1a: Iron Valiant|Trick|p2a: Raging Bolt\n|-activate|p1a: Iron Valiant|move: Trick|[of] p2a: Raging Bolt\n|-item|p2a: Raging Bolt|Choice Scarf|[from] move: Trick\n|-item|p1a: Iron Valiant|Leftovers|[from] move: Trick\n|\n|-weather|Snowscape|[upkeep]\n|upkeep\n|turn|5\n|\n|t:|1788279556\n|-end|p1a: Iron Valiant|Quark Drive|[silent]\n|switch|p1a: Slowking|Slowking-Galar, F|76/100\n|move|p2a: Raging Bolt|Dragon Pulse|p1a: Slowking\n|-crit|p1a: Slowking\n|-damage|p1a: Slowking|0 fnt\n|faint|p1a: Slowking\n|\n|-weather|Snowscape|[upkeep]\n|upkeep\n|\n|t:|1788279568\n|switch|p1a: Iron Valiant|Iron Valiant|100/100\n|turn|6\n|\n|t:|1788279573\n|move|p1a: Iron Valiant|Shadow Ball|p2a: Raging Bolt\n|-damage|p2a: Raging Bolt|70/100\n|move|p2a: Raging Bolt|Dragon Pulse|p1a: Iron Valiant\n|-immune|p1a: Iron Valiant\n|\n|-weather|Snowscape|[upkeep]\n|upkeep\n|turn|7\n|j| SkenZo\n|\n|t:|1788279583\n|-end|p2a: Raging Bolt|Protosynthesis|[silent]\n|switch|p2a: Gholdengo|Gholdengo|100/100\n|-item|p2a: Gholdengo|Air Balloon\n|move|p1a: Iron Valiant|Moonblast|p2a: Gholdengo\n|-resisted|p2a: Gholdengo\n|-damage|p2a: Gholdengo|75/100\n|-unboost|p2a: Gholdengo|spa|1\n|-enditem|p2a: Gholdengo|Air Balloon\n|\n|-weather|none\n|upkeep\n|turn|8\n|\n|t:|1788279593\n|-end|p1a: Iron Valiant|Quark Drive|[silent]\n|switch|p1a: Great Tusk|Great Tusk|100/100\n|move|p2a: Gholdengo|Make It Rain|p1a: Great Tusk\n|-damage|p1a: Great Tusk|50/100\n|-unboost|p2a: Gholdengo|spa|1\n|\n|upkeep\n|turn|9\n|\n|t:|1788279603\n|switch|p2a: Ogerpon|Ogerpon-Wellspring, F|100/100\n|move|p1a: Great Tusk|Stealth Rock|p2a: Ogerpon\n|-sidestart|p2: kangarooteam1|move: Stealth Rock\n|\n|upkeep\n|turn|10\n|\n|t:|1788279609\n|-end|p1a: Great Tusk|Protosynthesis|[silent]\n|switch|p1a: Alomomola|Alomomola, M|100/100\n|move|p2a: Ogerpon|Ivy Cudgel|p1a: Alomomola|[anim] Ivy Cudgel Water\n|-resisted|p1a: Alomomola\n|-damage|p1a: Alomomola|81/100\n|\n|upkeep\n|turn|11\n|l| SkenZo\n|\n|t:|1788279616\n|switch|p1a: Moltres|Moltres|100/100\n|move|p2a: Ogerpon|Ivy Cudgel|p1a: Moltres|[anim] Ivy Cudgel Water\n|-supereffective|p1a: Moltres\n|-damage|p1a: Moltres|16/100\n|\n|upkeep\n|turn|12\n|\n|t:|1788279624\n|switch|p1a: Alomomola|Alomomola, M|100/100\n|move|p2a: Ogerpon|Ivy Cudgel|p1a: Alomomola|[anim] Ivy Cudgel Water\n|-resisted|p1a: Alomomola\n|-damage|p1a: Alomomola|79/100\n|\n|upkeep\n|turn|13\n|\n|t:|1788279632\n|move|p2a: Ogerpon|Ivy Cudgel|p1a: Alomomola|[anim] Ivy Cudgel Water\n|-resisted|p1a: Alomomola\n|-crit|p1a: Alomomola\n|-damage|p1a: Alomomola|49/100\n|move|p1a: Alomomola|Alluring Voice|p2a: Ogerpon\n|-damage|p2a: Ogerpon|89/100\n|\n|upkeep\n|turn|14\n|\n|t:|1788279652\n|move|p2a: Ogerpon|Ivy Cudgel|p1a: Alomomola|[anim] Ivy Cudgel Water\n|-resisted|p1a: Alomomola\n|-damage|p1a: Alomomola|26/100\n|move|p1a: Alomomola|Wish|p1a: Alomomola\n|\n|upkeep\n|turn|15\n|\n|t:|1788279657\n|move|p1a: Alomomola|Protect|p1a: Alomomola\n|-singleturn|p1a: Alomomola|Protect\n|move|p2a: Ogerpon|Ivy Cudgel|p1a: Alomomola|[anim] Ivy Cudgel Water\n|-activate|p1a: Alomomola|move: Protect\n|\n|-heal|p1a: Alomomola|76/100|[from] move: Wish|[wisher] Alomomola\n|upkeep\n|turn|16\n|\n|t:|1788279671\n|move|p2a: Ogerpon|Ivy Cudgel|p1a: Alomomola|[anim] Ivy Cudgel Water\n|-resisted|p1a: Alomomola\n|-damage|p1a: Alomomola|54/100\n|move|p1a: Alomomola|Alluring Voice|p2a: Ogerpon\n|-damage|p2a: Ogerpon|78/100\n|\n|upkeep\n|turn|17\n|\n|t:|1788279678\n|move|p2a: Ogerpon|Ivy Cudgel|p1a: Alomomola|[anim] Ivy Cudgel Water\n|-resisted|p1a: Alomomola\n|-damage|p1a: Alomomola|32/100\n|move|p1a: Alomomola|Wish|p1a: Alomomola\n|\n|upkeep\n|turn|18\n|\n|t:|1788279683\n|move|p1a: Alomomola|Protect|p1a: Alomomola\n|-singleturn|p1a: Alomomola|Protect\n|move|p2a: Ogerpon|Ivy Cudgel|p1a: Alomomola|[anim] Ivy Cudgel Water\n|-activate|p1a: Alomomola|move: Protect\n|\n|-heal|p1a: Alomomola|82/100|[from] move: Wish|[wisher] Alomomola\n|upkeep\n|turn|19\n|\n|t:|1788279690\n|move|p2a: Ogerpon|Ivy Cudgel|p1a: Alomomola|[anim] Ivy Cudgel Water\n|-resisted|p1a: Alomomola\n|-damage|p1a: Alomomola|59/100\n|move|p1a: Alomomola|Alluring Voice|p2a: Ogerpon\n|-damage|p2a: Ogerpon|68/100\n|\n|upkeep\n|turn|20\n|\n|t:|1788279697\n|move|p2a: Ogerpon|Ivy Cudgel|p1a: Alomomola|[anim] Ivy Cudgel Water\n|-resisted|p1a: Alomomola\n|-damage|p1a: Alomomola|38/100\n|move|p1a: Alomomola|Wish|p1a: Alomomola\n|\n|upkeep\n|turn|21\n|\n|t:|1788279703\n|move|p2a: Ogerpon|Ivy Cudgel|p1a: Alomomola|[anim] Ivy Cudgel Water\n|-resisted|p1a: Alomomola\n|-damage|p1a: Alomomola|16/100\n|move|p1a: Alomomola|Alluring Voice|p2a: Ogerpon\n|-damage|p2a: Ogerpon|58/100\n|\n|-heal|p1a: Alomomola|65/100|[from] move: Wish|[wisher] Alomomola\n|upkeep\n|turn|22\n|\n|t:|1788279711\n|move|p2a: Ogerpon|Ivy Cudgel|p1a: Alomomola|[anim] Ivy Cudgel Water\n|-resisted|p1a: Alomomola\n|-damage|p1a: Alomomola|43/100\n|move|p1a: Alomomola|Alluring Voice|p2a: Ogerpon\n|-damage|p2a: Ogerpon|48/100\n|\n|upkeep\n|turn|23\n|\n|t:|1788279717\n|move|p2a: Ogerpon|Ivy Cudgel|p1a: Alomomola|[anim] Ivy Cudgel Water\n|-resisted|p1a: Alomomola\n|-damage|p1a: Alomomola|21/100\n|move|p1a: Alomomola|Wish|p1a: Alomomola\n|\n|upkeep\n|turn|24\n|\n|t:|1788279722\n|move|p1a: Alomomola|Protect|p1a: Alomomola\n|-singleturn|p1a: Alomomola|Protect\n|move|p2a: Ogerpon|Ivy Cudgel|p1a: Alomomola|[anim] Ivy Cudgel Water\n|-activate|p1a: Alomomola|move: Protect\n|\n|-heal|p1a: Alomomola|71/100|[from] move: Wish|[wisher] Alomomola\n|upkeep\n|turn|25\n|\n|t:|1788279729\n|move|p2a: Ogerpon|Ivy Cudgel|p1a: Alomomola|[anim] Ivy Cudgel Water\n|-resisted|p1a: Alomomola\n|-damage|p1a: Alomomola|51/100\n|move|p1a: Alomomola|Alluring Voice|p2a: Ogerpon\n|-damage|p2a: Ogerpon|37/100\n|\n|upkeep\n|turn|26\n|\n|t:|1788279736\n|switch|p2a: Great Tusk|Great Tusk|100/100\n|-damage|p2a: Great Tusk|98/100|[from] Stealth Rock\n|move|p1a: Alomomola|Wish|p1a: Alomomola\n|\n|-heal|p2a: Great Tusk|100/100|[from] item: Leftovers\n|upkeep\n|turn|27\n|\n|t:|1788279743\n|switch|p1a: Moltres|Moltres|16/100\n|move|p2a: Great Tusk|Rapid Spin|p1a: Moltres\n|-damage|p1a: Moltres|6/100\n|-boost|p2a: Great Tusk|spe|1\n|-sideend|p2: kangarooteam1|Stealth Rock|[from] move: Rapid Spin|[of] p2a: Great Tusk\n|\n|-heal|p1a: Moltres|75/100|[from] move: Wish|[wisher] Alomomola\n|upkeep\n|turn|28\n|\n|t:|1788279752\n|-end|p2a: Great Tusk|Protosynthesis|[silent]\n|switch|p2a: Raging Bolt|Raging Bolt|70/100\n|move|p1a: Moltres|Will-O-Wisp|p2a: Raging Bolt\n|-status|p2a: Raging Bolt|brn\n|\n|-damage|p2a: Raging Bolt|64/100 brn|[from] brn\n|upkeep\n|turn|29\n|\n|t:|1788279778\n|switch|p1a: Kingambit|Kingambit, F|100/100\n|-activate|p1a: Kingambit|ability: Supreme Overlord\n|-start|p1a: Kingambit|fallen1|[silent]\n|move|p2a: Raging Bolt|Dragon Pulse|p1a: Kingambit\n|-resisted|p1a: Kingambit\n|-damage|p1a: Kingambit|76/100\n|\n|-heal|p1a: Kingambit|83/100|[from] item: Leftovers\n|-damage|p2a: Raging Bolt|58/100 brn|[from] brn\n|upkeep\n|turn|30\n|\n|t:|1788279793\n|-end|p2a: Raging Bolt|Protosynthesis|[silent]\n|switch|p2a: Great Tusk|Great Tusk|100/100\n|move|p1a: Kingambit|Iron Head|p2a: Great Tusk\n|-damage|p2a: Great Tusk|73/100\n|\n|-heal|p2a: Great Tusk|79/100|[from] item: Leftovers\n|-heal|p1a: Kingambit|89/100|[from] item: Leftovers\n|upkeep\n|turn|31\n|\n|t:|1788279803\n|-end|p1a: Kingambit|fallen1|[silent]\n|switch|p1a: Moltres|Moltres|75/100\n|move|p2a: Great Tusk|Earthquake|p1a: Moltres\n|-immune|p1a: Moltres\n|\n|-heal|p2a: Great Tusk|85/100|[from] item: Leftovers\n|upkeep\n|turn|32\n|\n|t:|1788279811\n|-end|p2a: Great Tusk|Protosynthesis|[silent]\n|switch|p2a: Raging Bolt|Raging Bolt|58/100 brn\n|move|p1a: Moltres|Flamethrower|p2a: Raging Bolt\n|-resisted|p2a: Raging Bolt\n|-damage|p2a: Raging Bolt|43/100 brn\n|\n|-damage|p2a: Raging Bolt|36/100 brn|[from] brn\n|upkeep\n|turn|33\n|\n|t:|1788279824\n|switch|p1a: Kingambit|Kingambit, F|89/100\n|-activate|p1a: Kingambit|ability: Supreme Overlord\n|-start|p1a: Kingambit|fallen1|[silent]\n|move|p2a: Raging Bolt|Dragon Pulse|p1a: Kingambit\n|-resisted|p1a: Kingambit\n|-crit|p1a: Kingambit\n|-damage|p1a: Kingambit|52/100\n|\n|-heal|p1a: Kingambit|59/100|[from] item: Leftovers\n|-damage|p2a: Raging Bolt|30/100 brn|[from] brn\n|upkeep\n|turn|34\n|\n|t:|1788279837\n|-end|p2a: Raging Bolt|Protosynthesis|[silent]\n|switch|p2a: Great Tusk|Great Tusk|85/100\n|-end|p1a: Kingambit|fallen1|[silent]\n|switch|p1a: Iron Valiant|Iron Valiant|100/100\n|\n|-heal|p2a: Great Tusk|92/100|[from] item: Leftovers\n|upkeep\n|turn|35\n|\n|t:|1788279844\n|-terastallize|p2a: Great Tusk|Steel\n|move|p1a: Iron Valiant|Shadow Ball|p2a: Great Tusk\n|-damage|p2a: Great Tusk|59/100\n|-unboost|p2a: Great Tusk|spd|1\n|move|p2a: Great Tusk|Earthquake|p1a: Iron Valiant\n|-damage|p1a: Iron Valiant|49/100\n|\n|-heal|p1a: Iron Valiant|55/100|[from] item: Leftovers\n|-heal|p2a: Great Tusk|65/100|[from] item: Leftovers\n|upkeep\n|turn|36\n|j| cityfolk\n|\n|t:|1788279871\n|-terastallize|p1a: Iron Valiant|Ghost\n|move|p1a: Iron Valiant|Shadow Ball|p2a: Great Tusk\n|-damage|p2a: Great Tusk|0 fnt\n|faint|p2a: Great Tusk\n|-end|p2a: Great Tusk|Protosynthesis|[silent]\n|\n|-heal|p1a: Iron Valiant|61/100|[from] item: Leftovers\n|upkeep\n|\n|t:|1788279872\n|switch|p2a: Iron Valiant|Iron Valiant|100/100\n|-enditem|p2a: Iron Valiant|Booster Energy\n|-activate|p2a: Iron Valiant|ability: Quark Drive|[fromitem]\n|-start|p2a: Iron Valiant|quarkdrivespe\n|turn|37\n|inactive|guilmon2009 has 120 seconds left.\n|\n|t:|1788279893\n|-end|p1a: Iron Valiant|Quark Drive|[silent]\n|switch|p1a: Moltres|Moltres|75/100\n|move|p2a: Iron Valiant|Moonblast|p1a: Moltres\n|-resisted|p1a: Moltres\n|-damage|p1a: Moltres|54/100\n|\n|upkeep\n|turn|38\n|\n|t:|1788279900\n|move|p2a: Iron Valiant|Thunderbolt|p1a: Moltres\n|-supereffective|p1a: Moltres\n|-damage|p1a: Moltres|1/100\n|move|p1a: Moltres|Roost|p1a: Moltres\n|-heal|p1a: Moltres|51/100\n|-singleturn|p1a: Moltres|move: Roost\n|\n|upkeep\n|turn|39\n|inactive|guilmon2009 has 120 seconds left.\n|\n|t:|1788279932\n|switch|p1a: Great Tusk|Great Tusk|50/100\n|move|p2a: Iron Valiant|Thunderbolt|p1a: Great Tusk\n|-immune|p1a: Great Tusk\n|\n|upkeep\n|turn|40\n|\n|t:|1788279941\n|-end|p1a: Great Tusk|Protosynthesis|[silent]\n|switch|p1a: Alomomola|Alomomola, M|85/100\n|move|p2a: Iron Valiant|Moonblast|p1a: Alomomola\n|-damage|p1a: Alomomola|49/100\n|-unboost|p1a: Alomomola|spa|1\n|\n|upkeep\n|turn|41\n|\n|t:|1788279959\n|move|p2a: Iron Valiant|Thunderbolt|p1a: Alomomola\n|-supereffective|p1a: Alomomola\n|-damage|p1a: Alomomola|4/100\n|move|p1a: Alomomola|Wish|p1a: Alomomola\n|\n|upkeep\n|turn|42\n|\n|t:|1788279964\n|move|p1a: Alomomola|Protect|p1a: Alomomola\n|-singleturn|p1a: Alomomola|Protect\n|move|p2a: Iron Valiant|Thunderbolt|p1a: Alomomola\n|-activate|p1a: Alomomola|move: Protect\n|\n|-heal|p1a: Alomomola|54/100|[from] move: Wish|[wisher] Alomomola\n|upkeep\n|turn|43\n|inactive|guilmon2009 has 120 seconds left.\n|\n|t:|1788279980\n|move|p2a: Iron Valiant|Thunderbolt|p1a: Alomomola\n|-supereffective|p1a: Alomomola\n|-damage|p1a: Alomomola|4/100\n|move|p1a: Alomomola|Wish|p1a: Alomomola\n|\n|upkeep\n|turn|44\n|\n|t:|1788279986\n|move|p1a: Alomomola|Protect|p1a: Alomomola\n|-singleturn|p1a: Alomomola|Protect\n|move|p2a: Iron Valiant|Thunderbolt|p1a: Alomomola\n|-activate|p1a: Alomomola|move: Protect\n|\n|-heal|p1a: Alomomola|54/100|[from] move: Wish|[wisher] Alomomola\n|upkeep\n|turn|45\n|inactive|guilmon2009 has 120 seconds left.\n|\n|t:|1788279999\n|move|p2a: Iron Valiant|Thunderbolt|p1a: Alomomola\n|-supereffective|p1a: Alomomola\n|-damage|p1a: Alomomola|11/100\n|move|p1a: Alomomola|Flip Turn|p2a: Iron Valiant\n|-damage|p2a: Iron Valiant|80/100\n|inactive|guilmon2009 has 120 seconds left.\n|\n|t:|1788280018\n|switch|p1a: Kingambit|Kingambit, F|59/100|[from] Flip Turn\n|-activate|p1a: Kingambit|ability: Supreme Overlord\n|-start|p1a: Kingambit|fallen1|[silent]\n|\n|-heal|p1a: Kingambit|65/100|[from] item: Leftovers\n|upkeep\n|turn|46\n|\n|t:|1788280028\n|move|p2a: Iron Valiant|Close Combat|p1a: Kingambit\n|-supereffective|p1a: Kingambit\n|-damage|p1a: Kingambit|0 fnt\n|-unboost|p2a: Iron Valiant|def|1\n|-unboost|p2a: Iron Valiant|spd|1\n|faint|p1a: Kingambit\n|-end|p1a: Kingambit|fallen1|[silent]\n|\n|upkeep\n|\n|t:|1788280035\n|switch|p1a: Iron Valiant|Iron Valiant, tera:Ghost|61/100\n|turn|47\n|\n|t:|1788280038\n|move|p2a: Iron Valiant|Moonblast|p1a: Iron Valiant\n|-damage|p1a: Iron Valiant|0 fnt\n|faint|p1a: Iron Valiant\n|-end|p1a: Iron Valiant|Quark Drive|[silent]\n|\n|upkeep\n|-message|guilmon2009 forfeited.\n|\n|win|kangarooteam1\n|raw|guilmon2009's rating: 1524 &rarr; <strong>1507</strong><br />(-17 for losing)\n|raw|kangarooteam1's rating: 1580 &rarr; <strong>1597</strong><br />(+17 for winning)\n|l|\u2606guilmon2009\n|player|p1|\n", "uploadtime": 1788280042, "views": "3", "formatid": "gen9ou", "rating": 1507, "private": 0, "password": null}