{"id": "gen9ou-2673934234", "format": "[Gen 9] OU", "players": ["go b3yond", "kangarooteam1"], "log": "|j|\u2606go b3yond\n|j|\u2606kangarooteam1\n|t:|1788278945\n|gametype|singles\n|player|p1|go b3yond|waiter-gen4|1536\n|player|p2|kangarooteam1|1|1612\n|gen|9\n|tier|[Gen 9] OU\n|rated|\n|rule|HP Percentage Mod: HP is shown in percentages\n|rule|Endless Battle Clause: Forcing endless battles is banned\n|rule|Species Clause: Limit one of each Pok\u00e9mon\n|rule|OHKO Clause: OHKO moves are banned\n|rule|Evasion Items Clause: Evasion items are banned\n|rule|Evasion Moves Clause: Evasion moves are banned\n|rule|Evasion Abilities Clause: Evasion abilities are banned\n|rule|Sleep Moves Clause: Sleep-inducing moves are banned\n|clearpoke\n|poke|p1|Vikavolt, F|\n|poke|p1|Iron Valiant|\n|poke|p1|Heatran, M|\n|poke|p1|Meowscarada, M|\n|poke|p1|Great Tusk|\n|poke|p1|Kingambit, M|\n|poke|p2|Great Tusk|\n|poke|p2|Gholdengo|\n|poke|p2|Raging Bolt|\n|poke|p2|Iron Valiant|\n|poke|p2|Ogerpon-Wellspring, F|\n|poke|p2|Kingambit, F|\n|teampreview\n|inactive|Battle timer is ON: inactive players will automatically lose when time's up. (requested by kangarooteam1)\n|\n|t:|1788278953\n|teamsize|p1|6\n|teamsize|p2|6\n|start\n|switch|p1a: Kiruma|Vikavolt, F, shiny|100/100\n|switch|p2a: Great Tusk|Great Tusk|100/100\n|turn|1\n|\n|t:|1788278957\n|move|p2a: Great Tusk|Stealth Rock|p1a: Kiruma\n|-sidestart|p1: go b3yond|move: Stealth Rock\n|move|p1a: Kiruma|Energy Ball|p2a: Great Tusk\n|-supereffective|p2a: Great Tusk\n|-damage|p2a: Great Tusk|0 fnt\n|faint|p2a: Great Tusk\n|-end|p2a: Great Tusk|Protosynthesis|[silent]\n|\n|upkeep\n|\n|t:|1788278958\n|switch|p2a: Raging Bolt|Raging Bolt|100/100\n|turn|2\n|\n|t:|1788278961\n|switch|p1a: Rum|Iron Valiant, shiny|100/100\n|-damage|p1a: Rum|94/100|[from] Stealth Rock\n|-enditem|p1a: Rum|Booster Energy\n|-activate|p1a: Rum|ability: Quark Drive|[fromitem]\n|-start|p1a: Rum|quarkdrivespe\n|move|p2a: Raging Bolt|Calm Mind|p2a: Raging Bolt\n|-boost|p2a: Raging Bolt|spa|1\n|-boost|p2a: Raging Bolt|spd|1\n|\n|upkeep\n|turn|3\n|\n|t:|1788278964\n|move|p1a: Rum|Encore|p2a: Raging Bolt\n|-start|p2a: Raging Bolt|Encore\n|move|p2a: Raging Bolt|Calm Mind|p2a: Raging Bolt\n|-boost|p2a: Raging Bolt|spa|1\n|-boost|p2a: Raging Bolt|spd|1\n|\n|upkeep\n|turn|4\n|\n|t:|1788278968\n|move|p1a: Rum|Moonblast|p2a: Raging Bolt\n|-supereffective|p2a: Raging Bolt\n|-crit|p2a: Raging Bolt\n|-damage|p2a: Raging Bolt|0 fnt\n|faint|p2a: Raging Bolt\n|-end|p2a: Raging Bolt|Protosynthesis|[silent]\n|\n|upkeep\n|\n|t:|1788278969\n|switch|p2a: Ogerpon|Ogerpon-Wellspring, F|100/100\n|turn|5\n|\n|t:|1788278972\n|move|p1a: Rum|Moonblast|p2a: Ogerpon\n|-damage|p2a: Ogerpon|43/100\n|move|p2a: Ogerpon|Horn Leech|p1a: Rum\n|-damage|p1a: Rum|41/100\n|-heal|p2a: Ogerpon|68/100|[from] drain|[of] p1a: Rum\n|\n|upkeep\n|turn|6\n|\n|t:|1788278983\n|-terastallize|p1a: Rum|Steel\n|move|p1a: Rum|Moonblast|p2a: Ogerpon\n|-damage|p2a: Ogerpon|13/100\n|move|p2a: Ogerpon|Horn Leech|p1a: Rum\n|-resisted|p1a: Rum\n|-damage|p1a: Rum|13/100\n|-heal|p2a: Ogerpon|27/100|[from] drain|[of] p1a: Rum\n|\n|upkeep\n|turn|7\n|\n|t:|1788278988\n|switch|p2a: Kingambit|Kingambit, F|100/100\n|-activate|p2a: Kingambit|ability: Supreme Overlord\n|-start|p2a: Kingambit|fallen2|[silent]\n|move|p1a: Rum|Moonblast|p2a: Kingambit\n|-damage|p2a: Kingambit|58/100\n|\n|-heal|p2a: Kingambit|64/100|[from] item: Leftovers\n|upkeep\n|turn|8\n|\n|t:|1788278993\n|move|p2a: Kingambit|Sucker Punch||[still]\n|-fail|p2a: Kingambit\n|move|p1a: Rum|Encore|p2a: Kingambit\n|-start|p2a: Kingambit|Encore\n|\n|-heal|p2a: Kingambit|70/100|[from] item: Leftovers\n|upkeep\n|turn|9\n|\n|t:|1788278999\n|move|p2a: Kingambit|Sucker Punch||[still]\n|-fail|p2a: Kingambit\n|move|p1a: Rum|Encore||[still]\n|-fail|p1a: Rum\n|\n|-heal|p2a: Kingambit|77/100|[from] item: Leftovers\n|upkeep\n|turn|10\n|\n|t:|1788279003\n|move|p2a: Kingambit|Sucker Punch||[still]\n|-fail|p2a: Kingambit\n|move|p1a: Rum|Encore||[still]\n|-fail|p1a: Rum\n|\n|-heal|p2a: Kingambit|83/100|[from] item: Leftovers\n|upkeep\n|turn|11\n|\n|t:|1788279007\n|move|p2a: Kingambit|Sucker Punch||[still]\n|-fail|p2a: Kingambit\n|move|p1a: Rum|Encore||[still]\n|-fail|p1a: Rum\n|\n|-heal|p2a: Kingambit|89/100|[from] item: Leftovers\n|-end|p2a: Kingambit|Encore\n|upkeep\n|turn|12\n|\n|t:|1788279012\n|move|p2a: Kingambit|Sucker Punch||[still]\n|-fail|p2a: Kingambit\n|move|p1a: Rum|Encore|p2a: Kingambit\n|-start|p2a: Kingambit|Encore\n|\n|-heal|p2a: Kingambit|95/100|[from] item: Leftovers\n|upkeep\n|turn|13\n|\n|t:|1788279023\n|-end|p1a: Rum|Quark Drive|[silent]\n|switch|p1a: Duke Long|Great Tusk, shiny|100/100\n|-damage|p1a: Duke Long|98/100|[from] Stealth Rock\n|move|p2a: Kingambit|Sucker Punch||[still]\n|-fail|p2a: Kingambit\n|\n|-heal|p2a: Kingambit|100/100|[from] item: Leftovers\n|upkeep\n|turn|14\n|\n|t:|1788279030\n|-end|p2a: Kingambit|fallen2|[silent]\n|switch|p2a: Gholdengo|Gholdengo|100/100\n|-item|p2a: Gholdengo|Air Balloon\n|move|p1a: Duke Long|Stone Edge|p2a: Gholdengo\n|-resisted|p2a: Gholdengo\n|-damage|p2a: Gholdengo|80/100\n|-enditem|p2a: Gholdengo|Air Balloon\n|\n|upkeep\n|turn|15\n|\n|t:|1788279034\n|move|p1a: Duke Long|Headlong Rush|p2a: Gholdengo\n|-supereffective|p2a: Gholdengo\n|-damage|p2a: Gholdengo|0 fnt\n|-unboost|p1a: Duke Long|def|1\n|-unboost|p1a: Duke Long|spd|1\n|faint|p2a: Gholdengo\n|\n|upkeep\n|\n|t:|1788279036\n|switch|p2a: Ogerpon|Ogerpon-Wellspring, F|27/100\n|turn|16\n|\n|t:|1788279041\n|-end|p1a: Duke Long|Protosynthesis|[silent]\n|switch|p1a: Rum|Iron Valiant, shiny, tera:Steel|13/100\n|-damage|p1a: Rum|7/100|[from] Stealth Rock\n|move|p2a: Ogerpon|Ivy Cudgel|p1a: Rum|[anim] Ivy Cudgel Water\n|-damage|p1a: Rum|0 fnt\n|faint|p1a: Rum\n|-end|p1a: Rum|Quark Drive|[silent]\n|\n|upkeep\n|\n|t:|1788279044\n|switch|p1a: Funny Valentine|Meowscarada, M, shiny|100/100\n|turn|17\n|\n|t:|1788279046\n|switch|p2a: Iron Valiant|Iron Valiant|100/100\n|-enditem|p2a: Iron Valiant|Booster Energy\n|-activate|p2a: Iron Valiant|ability: Quark Drive|[fromitem]\n|-start|p2a: Iron Valiant|quarkdrivespe\n|move|p1a: Funny Valentine|U-turn|p2a: Iron Valiant\n|-start|p1a: Funny Valentine|typechange|Bug|[from] ability: Protean\n|-resisted|p2a: Iron Valiant\n|-damage|p2a: Iron Valiant|90/100\n|\n|t:|1788279051\n|switch|p1a: Kiruma|Vikavolt, F, shiny|100/100|[from] U-turn\n|-damage|p1a: Kiruma|76/100|[from] Stealth Rock\n|\n|upkeep\n|turn|18\n|\n|t:|1788279053\n|-terastallize|p2a: Iron Valiant|Fairy\n|move|p2a: Iron Valiant|Moonblast|p1a: Kiruma\n|-damage|p1a: Kiruma|6/100\n|move|p1a: Kiruma|Thunderbolt|p2a: Iron Valiant\n|-damage|p2a: Iron Valiant|0 fnt\n|faint|p2a: Iron Valiant\n|-end|p2a: Iron Valiant|Quark Drive|[silent]\n|\n|upkeep\n|\n|t:|1788279055\n|switch|p2a: Ogerpon|Ogerpon-Wellspring, F|27/100\n|turn|19\n|\n|t:|1788279059\n|move|p2a: Ogerpon|Horn Leech|p1a: Kiruma\n|-resisted|p1a: Kiruma\n|-damage|p1a: Kiruma|0 fnt\n|-heal|p2a: Ogerpon|30/100|[from] drain|[of] p1a: Kiruma\n|faint|p1a: Kiruma\n|\n|upkeep\n|\n|t:|1788279061\n|switch|p1a: Funny Valentine|Meowscarada, M, shiny|100/100\n|turn|20\n|\n|t:|1788279065\n|switch|p2a: Kingambit|Kingambit, F|100/100\n|-activate|p2a: Kingambit|ability: Supreme Overlord\n|-start|p2a: Kingambit|fallen4|[silent]\n|move|p1a: Funny Valentine|U-turn|p2a: Kingambit\n|-start|p1a: Funny Valentine|typechange|Bug|[from] ability: Protean\n|-damage|p2a: Kingambit|77/100\n|\n|t:|1788279069\n|switch|p1a: Duke Long|Great Tusk, shiny|98/100|[from] U-turn\n|-damage|p1a: Duke Long|95/100|[from] Stealth Rock\n|\n|-heal|p2a: Kingambit|83/100|[from] item: Leftovers\n|upkeep\n|turn|21\n|\n|t:|1788279073\n|move|p1a: Duke Long|Close Combat|p2a: Kingambit\n|-supereffective|p2a: Kingambit\n|-damage|p2a: Kingambit|0 fnt\n|-unboost|p1a: Duke Long|def|1\n|-unboost|p1a: Duke Long|spd|1\n|faint|p2a: Kingambit\n|-end|p2a: Kingambit|fallen4|[silent]\n|\n|upkeep\n|\n|t:|1788279073\n|switch|p2a: Ogerpon|Ogerpon-Wellspring, F|30/100\n|turn|22\n|\n|t:|1788279075\n|move|p2a: Ogerpon|Power Whip|p1a: Duke Long\n|-supereffective|p1a: Duke Long\n|-damage|p1a: Duke Long|0 fnt\n|-damage|p2a: Ogerpon|14/100|[from] item: Rocky Helmet|[of] p1a: Duke Long\n|faint|p1a: Duke Long\n|-end|p1a: Duke Long|Protosynthesis|[silent]\n|\n|upkeep\n|\n|t:|1788279079\n|switch|p1a: Funny Valentine|Meowscarada, M, shiny|100/100\n|turn|23\n|\n|t:|1788279085\n|move|p1a: Funny Valentine|U-turn|p2a: Ogerpon\n|-start|p1a: Funny Valentine|typechange|Bug|[from] ability: Protean\n|-supereffective|p2a: Ogerpon\n|-damage|p2a: Ogerpon|0 fnt\n|faint|p2a: Ogerpon\n|\n|win|go b3yond\n|raw|go b3yond's rating: 1536 &rarr; <strong>1560</strong><br />(+24 for winning)\n|raw|kangarooteam1's rating: 1612 &rarr; <strong>1588</strong><br />(-24 for losing)\n", "uploadtime": 1788279086, "views": "0", "formatid": "gen9ou", "rating": 1560, "private": 0, "password": null}