{"id": "gen9ou-2673906801", "format": "[Gen 9] OU", "players": ["la5495", "superstar"], "log": "|j|\u2606la5495\n|j|\u2606superstar\n|t:|1788275626\n|gametype|singles\n|player|p1|la5495|ghetsis|1533\n|player|p2|superstar|169|1534\n|gen|9\n|tier|[Gen 9] OU\n|rated|\n|rule|HP Percentage Mod: HP is shown in percentages\n|rule|Endless Battle Clause: Forcing endless battles is banned\n|rule|Species Clause: Limit one of each Pok\u00e9mon\n|rule|OHKO Clause: OHKO moves are banned\n|rule|Evasion Items Clause: Evasion items are banned\n|rule|Evasion Moves Clause: Evasion moves are banned\n|rule|Evasion Abilities Clause: Evasion abilities are banned\n|rule|Sleep Moves Clause: Sleep-inducing moves are banned\n|clearpoke\n|poke|p1|Zamazenta-*|\n|poke|p1|Garchomp, M|\n|poke|p1|Tyranitar, M|\n|poke|p1|Excadrill, M|\n|poke|p1|Sinistcha-Masterpiece|\n|poke|p1|Moltres|\n|poke|p2|Iron Treads|\n|poke|p2|Cresselia, F|\n|poke|p2|Raging Bolt|\n|poke|p2|Zamazenta-*|\n|poke|p2|Iron Valiant|\n|poke|p2|Darkrai|\n|teampreview\n|inactive|Battle timer is ON: inactive players will automatically lose when time's up. (requested by la5495)\n|\n|t:|1788275654\n|teamsize|p1|6\n|teamsize|p2|6\n|start\n|switch|p1a: Garchomp|Garchomp, M, shiny|100/100\n|switch|p2a: Darkrai|Darkrai|100/100\n|turn|1\n|\n|t:|1788275658\n|switch|p1a: Tyranitar|Tyranitar, M|100/100\n|-weather|Sandstorm|[from] ability: Sand Stream|[of] p1a: Tyranitar\n|move|p2a: Darkrai|Sludge Bomb|p1a: Tyranitar\n|-resisted|p1a: Tyranitar\n|-damage|p1a: Tyranitar|93/100\n|-damage|p2a: Darkrai|91/100|[from] item: Life Orb\n|\n|-weather|Sandstorm|[upkeep]\n|-damage|p2a: Darkrai|84/100|[from] Sandstorm\n|upkeep\n|turn|2\n|\n|t:|1788275670\n|switch|p1a: Sinistcha|Sinistcha-Masterpiece|100/100\n|move|p2a: Darkrai|Focus Blast|p1a: Sinistcha\n|-immune|p1a: Sinistcha\n|\n|-weather|Sandstorm|[upkeep]\n|-damage|p2a: Darkrai|78/100|[from] Sandstorm\n|-damage|p1a: Sinistcha|94/100|[from] Sandstorm\n|upkeep\n|turn|3\n|\n|t:|1788275679\n|switch|p1a: Zamazenta|Zamazenta|100/100\n|-ability|p1a: Zamazenta|Dauntless Shield|boost\n|-boost|p1a: Zamazenta|def|1\n|move|p2a: Darkrai|Dark Pulse|p1a: Zamazenta\n|-resisted|p1a: Zamazenta\n|-damage|p1a: Zamazenta|75/100\n|-damage|p2a: Darkrai|68/100|[from] item: Life Orb\n|\n|-weather|Sandstorm|[upkeep]\n|-damage|p1a: Zamazenta|69/100|[from] Sandstorm\n|-damage|p2a: Darkrai|62/100|[from] Sandstorm\n|-heal|p1a: Zamazenta|75/100|[from] item: Leftovers\n|upkeep\n|turn|4\n|\n|t:|1788275706\n|switch|p2a: Crescent|Cresselia, F, shiny|100/100\n|move|p1a: Zamazenta|Roar|p2a: Crescent\n|drag|p2a: Iron Valiant|Iron Valiant|100/100\n|-enditem|p2a: Iron Valiant|Booster Energy\n|-activate|p2a: Iron Valiant|ability: Quark Drive|[fromitem]\n|-start|p2a: Iron Valiant|quarkdrivespe\n|\n|-weather|Sandstorm|[upkeep]\n|-damage|p2a: Iron Valiant|94/100|[from] Sandstorm\n|-damage|p1a: Zamazenta|69/100|[from] Sandstorm\n|-heal|p1a: Zamazenta|75/100|[from] item: Leftovers\n|upkeep\n|turn|5\n|inactive|superstar has 120 seconds left.\n|\n|t:|1788275728\n|switch|p1a: Moltres|Moltres|100/100\n|move|p2a: Iron Valiant|Knock Off|p1a: Moltres\n|-damage|p1a: Moltres|76/100\n|-enditem|p1a: Moltres|Heavy-Duty Boots|[from] move: Knock Off|[of] p2a: Iron Valiant\n|\n|-weather|none\n|upkeep\n|turn|6\n|inactive|superstar has 120 seconds left.\n|\n|t:|1788275745\n|-end|p2a: Iron Valiant|Quark Drive|[silent]\n|switch|p2a: Raging Bolt|Raging Bolt|100/100\n|-enditem|p2a: Raging Bolt|Booster Energy\n|-activate|p2a: Raging Bolt|ability: Protosynthesis|[fromitem]\n|-start|p2a: Raging Bolt|protosynthesisspa\n|move|p1a: Moltres|U-turn|p2a: Raging Bolt\n|-damage|p2a: Raging Bolt|86/100\n|\n|t:|1788275755\n|switch|p1a: Garchomp|Garchomp, M, shiny|100/100|[from] U-turn\n|\n|upkeep\n|turn|7\n|\n|t:|1788275765\n|-end|p2a: Raging Bolt|Protosynthesis|[silent]\n|switch|p2a: Crescent|Cresselia, F, shiny|100/100\n|move|p1a: Garchomp|Stealth Rock|p2a: Crescent\n|-sidestart|p2: superstar|move: Stealth Rock\n|\n|upkeep\n|turn|8\n|\n|t:|1788275772\n|switch|p1a: Tyranitar|Tyranitar, M|93/100\n|-weather|Sandstorm|[from] ability: Sand Stream|[of] p1a: Tyranitar\n|move|p2a: Crescent|Calm Mind|p2a: Crescent\n|-boost|p2a: Crescent|spa|1\n|-boost|p2a: Crescent|spd|1\n|\n|-weather|Sandstorm|[upkeep]\n|-damage|p2a: Crescent|94/100|[from] Sandstorm\n|upkeep\n|turn|9\n|\n|t:|1788275779\n|switch|p2a: Iron Valiant|Iron Valiant|94/100\n|-damage|p2a: Iron Valiant|88/100|[from] Stealth Rock\n|move|p1a: Tyranitar|Knock Off|p2a: Iron Valiant\n|-resisted|p2a: Iron Valiant\n|-damage|p2a: Iron Valiant|77/100\n|\n|-weather|Sandstorm|[upkeep]\n|-damage|p2a: Iron Valiant|71/100|[from] Sandstorm\n|upkeep\n|turn|10\n|\n|t:|1788275785\n|-end|p2a: Iron Valiant|Quark Drive|[silent]\n|switch|p2a: Iron Treads|Iron Treads|100/100\n|-damage|p2a: Iron Treads|97/100|[from] Stealth Rock\n|-terastallize|p1a: Tyranitar|Ghost\n|move|p1a: Tyranitar|Heavy Slam|p2a: Iron Treads\n|-resisted|p2a: Iron Treads\n|-crit|p2a: Iron Treads\n|-damage|p2a: Iron Treads|89/100\n|\n|-weather|Sandstorm|[upkeep]\n|-damage|p1a: Tyranitar|86/100|[from] Sandstorm\n|upkeep\n|turn|11\n|\n|t:|1788275796\n|move|p2a: Iron Treads|Knock Off|p1a: Tyranitar\n|-supereffective|p1a: Tyranitar\n|-damage|p1a: Tyranitar|35/100\n|-enditem|p1a: Tyranitar|Assault Vest|[from] move: Knock Off|[of] p2a: Iron Treads\n|move|p1a: Tyranitar|Knock Off|p2a: Iron Treads\n|-damage|p2a: Iron Treads|45/100\n|-enditem|p2a: Iron Treads|Earth Plate|[from] move: Knock Off|[of] p1a: Tyranitar\n|\n|-weather|Sandstorm|[upkeep]\n|-damage|p1a: Tyranitar|29/100|[from] Sandstorm\n|upkeep\n|turn|12\n|\n|t:|1788275807\n|switch|p1a: Garchomp|Garchomp, M, shiny|100/100\n|move|p2a: Iron Treads|Stealth Rock|p1a: Garchomp\n|-sidestart|p1: la5495|move: Stealth Rock\n|\n|-weather|none\n|upkeep\n|turn|13\n|\n|t:|1788275813\n|switch|p1a: Sinistcha|Sinistcha-Masterpiece|94/100\n|-damage|p1a: Sinistcha|82/100|[from] Stealth Rock\n|-end|p2a: Iron Treads|Quark Drive|[silent]\n|switch|p2a: Crescent|Cresselia, F, shiny|94/100\n|-damage|p2a: Crescent|82/100|[from] Stealth Rock\n|\n|upkeep\n|turn|14\n|\n|t:|1788275818\n|switch|p2a: Darkrai|Darkrai|62/100\n|-damage|p2a: Darkrai|50/100|[from] Stealth Rock\n|move|p1a: Sinistcha|Shadow Ball|p2a: Darkrai\n|-resisted|p2a: Darkrai\n|-damage|p2a: Darkrai|27/100\n|\n|upkeep\n|turn|15\n|\n|t:|1788275826\n|switch|p1a: Tyranitar|Tyranitar, M, tera:Ghost|29/100\n|-damage|p1a: Tyranitar|17/100|[from] Stealth Rock\n|-weather|Sandstorm|[from] ability: Sand Stream|[of] p1a: Tyranitar\n|move|p2a: Darkrai|Sludge Bomb|p1a: Tyranitar\n|-resisted|p1a: Tyranitar\n|-damage|p1a: Tyranitar|0 fnt\n|faint|p1a: Tyranitar\n|-damage|p2a: Darkrai|17/100|[from] item: Life Orb\n|\n|-weather|Sandstorm|[upkeep]\n|-damage|p2a: Darkrai|11/100|[from] Sandstorm\n|upkeep\n|\n|t:|1788275829\n|switch|p1a: Excadrill|Excadrill, M|100/100\n|-damage|p1a: Excadrill|97/100|[from] Stealth Rock\n|-item|p1a: Excadrill|Air Balloon\n|turn|16\n|\n|t:|1788275835\n|move|p1a: Excadrill|Rapid Spin|p2a: Darkrai\n|-damage|p2a: Darkrai|0 fnt\n|-boost|p1a: Excadrill|spe|1\n|-sideend|p1: la5495|Stealth Rock|[from] move: Rapid Spin|[of] p1a: Excadrill\n|faint|p2a: Darkrai\n|\n|-weather|Sandstorm|[upkeep]\n|upkeep\n|\n|t:|1788275839\n|switch|p2a: Zamazenta|Zamazenta|100/100\n|-damage|p2a: Zamazenta|94/100|[from] Stealth Rock\n|-ability|p2a: Zamazenta|Dauntless Shield|boost\n|-boost|p2a: Zamazenta|def|1\n|turn|17\n|\n|t:|1788275848\n|switch|p1a: Moltres|Moltres|76/100\n|move|p2a: Zamazenta|Close Combat|p1a: Moltres\n|-resisted|p1a: Moltres\n|-damage|p1a: Moltres|49/100\n|-unboost|p2a: Zamazenta|def|1\n|-unboost|p2a: Zamazenta|spd|1\n|-damage|p2a: Zamazenta|84/100|[from] item: Life Orb\n|\n|-weather|Sandstorm|[upkeep]\n|-damage|p2a: Zamazenta|78/100|[from] Sandstorm\n|-damage|p1a: Moltres|43/100|[from] Sandstorm\n|upkeep\n|turn|18\n|\n|t:|1788275858\n|move|p2a: Zamazenta|Stone Edge|p1a: Moltres\n|-supereffective|p1a: Moltres\n|-damage|p1a: Moltres|0 fnt\n|faint|p1a: Moltres\n|-damage|p2a: Zamazenta|68/100|[from] item: Life Orb\n|\n|-weather|Sandstorm|[upkeep]\n|-damage|p2a: Zamazenta|62/100|[from] Sandstorm\n|upkeep\n|\n|t:|1788275873\n|switch|p1a: Sinistcha|Sinistcha-Masterpiece|82/100\n|turn|19\n|\n|t:|1788275887\n|switch|p2a: Iron Valiant|Iron Valiant|71/100\n|-damage|p2a: Iron Valiant|65/100|[from] Stealth Rock\n|move|p1a: Sinistcha|Calm Mind|p1a: Sinistcha\n|-boost|p1a: Sinistcha|spa|1\n|-boost|p1a: Sinistcha|spd|1\n|\n|-weather|none\n|upkeep\n|turn|20\n|\n|t:|1788275900\n|move|p2a: Iron Valiant|Encore|p1a: Sinistcha\n|-start|p1a: Sinistcha|Encore\n|move|p1a: Sinistcha|Calm Mind|p1a: Sinistcha\n|-boost|p1a: Sinistcha|spa|1\n|-boost|p1a: Sinistcha|spd|1\n|\n|upkeep\n|turn|21\n|\n|t:|1788275912\n|switch|p1a: Garchomp|Garchomp, M, shiny|100/100\n|move|p2a: Iron Valiant|Knock Off|p1a: Garchomp\n|-damage|p1a: Garchomp|72/100\n|-damage|p2a: Iron Valiant|52/100|[from] ability: Rough Skin|[of] p1a: Garchomp\n|-damage|p2a: Iron Valiant|35/100|[from] item: Rocky Helmet|[of] p1a: Garchomp\n|-enditem|p1a: Garchomp|Rocky Helmet|[from] move: Knock Off|[of] p2a: Iron Valiant\n|\n|upkeep\n|turn|22\n|inactive|la5495 has 120 seconds left.\n|\n|t:|1788275948\n|-end|p2a: Iron Valiant|Quark Drive|[silent]\n|switch|p2a: Iron Treads|Iron Treads|45/100\n|-damage|p2a: Iron Treads|42/100|[from] Stealth Rock\n|switch|p1a: Excadrill|Excadrill, M|97/100\n|-item|p1a: Excadrill|Air Balloon\n|\n|upkeep\n|turn|23\n|\n|t:|1788275962\n|-end|p2a: Iron Treads|Quark Drive|[silent]\n|switch|p2a: Crescent|Cresselia, F, shiny|82/100\n|-damage|p2a: Crescent|70/100|[from] Stealth Rock\n|move|p1a: Excadrill|Rapid Spin|p2a: Crescent\n|-damage|p2a: Crescent|60/100\n|-boost|p1a: Excadrill|spe|1\n|\n|upkeep\n|turn|24\n|\n|t:|1788275967\n|switch|p2a: Zamazenta|Zamazenta|62/100\n|-damage|p2a: Zamazenta|56/100|[from] Stealth Rock\n|move|p1a: Excadrill|Swords Dance|p1a: Excadrill\n|-boost|p1a: Excadrill|atk|2\n|\n|upkeep\n|turn|25\n|\n|t:|1788275973\n|move|p1a: Excadrill|Earthquake|p2a: Zamazenta\n|-damage|p2a: Zamazenta|0 fnt\n|faint|p2a: Zamazenta\n|\n|upkeep\n|-message|superstar forfeited.\n|\n|win|la5495\n|raw|la5495's rating: 1533 &rarr; <strong>1553</strong><br />(+20 for winning)\n|raw|superstar's rating: 1534 &rarr; <strong>1514</strong><br />(-20 for losing)\n|l|\u2606superstar\n|player|p2|\n|l|\u2606la5495\n|player|p1|\n", "uploadtime": 1788276233, "views": "4", "formatid": "gen9ou", "rating": 1514, "private": 0, "password": null}