{"id": "gen9ou-2673983597", "format": "[Gen 9] OU", "players": ["ihymyly", "moodrandom"], "log": "|j|\u2606ihymyly\n|j|\u2606moodrandom\n|t:|1788284761\n|gametype|singles\n|player|p1|ihymyly|266|1634\n|player|p2|moodrandom|thorton|1568\n|gen|9\n|tier|[Gen 9] OU\n|rated|\n|rule|HP Percentage Mod: HP is shown in percentages\n|rule|Endless Battle Clause: Forcing endless battles is banned\n|rule|Species Clause: Limit one of each Pok\u00e9mon\n|rule|OHKO Clause: OHKO moves are banned\n|rule|Evasion Items Clause: Evasion items are banned\n|rule|Evasion Moves Clause: Evasion moves are banned\n|rule|Evasion Abilities Clause: Evasion abilities are banned\n|rule|Sleep Moves Clause: Sleep-inducing moves are banned\n|clearpoke\n|poke|p1|Darkrai|\n|poke|p1|Hatterene, F|\n|poke|p1|Cinderace, F|\n|poke|p1|Samurott-Hisui, F|\n|poke|p1|Landorus-Therian, M|\n|poke|p1|Scizor, F|\n|poke|p2|Houndstone, F|\n|poke|p2|Tyranitar, F|\n|poke|p2|Excadrill, M|\n|poke|p2|Toxapex, M|\n|poke|p2|Latios, M|\n|poke|p2|Zamazenta-*|\n|teampreview\n|j| Slashutu\n|inactive|Battle timer is ON: inactive players will automatically lose when time's up. (requested by ihymyly)\n|\n|t:|1788284810\n|teamsize|p1|6\n|teamsize|p2|6\n|start\n|switch|p1a: Landorus|Landorus-Therian, M, shiny|100/100\n|switch|p2a: Tyranitar|Tyranitar, F|100/100\n|-ability|p1a: Landorus|Intimidate|boost\n|-unboost|p2a: Tyranitar|atk|1\n|-weather|Sandstorm|[from] ability: Sand Stream|[of] p2a: Tyranitar\n|turn|1\n|\n|t:|1788284817\n|move|p1a: Landorus|U-turn|p2a: Tyranitar\n|-supereffective|p2a: Tyranitar\n|-damage|p2a: Tyranitar|64/100\n|\n|t:|1788284821\n|switch|p1a: Hatterene|Hatterene, F|100/100|[from] U-turn\n|move|p2a: Tyranitar|Stealth Rock|p1a: Hatterene\n|move|p1a: Hatterene|Stealth Rock|p2a: Tyranitar|[from] ability: Magic Bounce\n|-sidestart|p2: moodrandom|move: Stealth Rock\n|\n|-weather|Sandstorm|[upkeep]\n|-damage|p1a: Hatterene|95/100|[from] Sandstorm\n|upkeep\n|turn|2\n|\n|t:|1788284825\n|move|p2a: Tyranitar|Knock Off|p1a: Hatterene\n|-damage|p1a: Hatterene|66/100\n|-enditem|p1a: Hatterene|Custap Berry|[from] move: Knock Off|[of] p2a: Tyranitar\n|move|p1a: Hatterene|Psychic Noise|p2a: Tyranitar\n|-immune|p2a: Tyranitar\n|\n|-weather|Sandstorm|[upkeep]\n|-damage|p1a: Hatterene|60/100|[from] Sandstorm\n|upkeep\n|turn|3\n|\n|t:|1788284831\n|switch|p2a: Toxapex|Toxapex, M|100/100\n|-damage|p2a: Toxapex|88/100|[from] Stealth Rock\n|move|p1a: Hatterene|Dazzling Gleam|p2a: Toxapex\n|-resisted|p2a: Toxapex\n|-damage|p2a: Toxapex|76/100\n|-enditem|p2a: Toxapex|Eject Button\n|\n|t:|1788284846\n|switch|p2a: Excadrill|Excadrill, M|100/100\n|-damage|p2a: Excadrill|97/100|[from] Stealth Rock\n|-item|p2a: Excadrill|Air Balloon\n|\n|-weather|Sandstorm|[upkeep]\n|-damage|p1a: Hatterene|54/100|[from] Sandstorm\n|upkeep\n|turn|4\n|\n|t:|1788284853\n|switch|p1a: Landorus|Landorus-Therian, M, shiny|100/100\n|-ability|p1a: Landorus|Intimidate|boost\n|-unboost|p2a: Excadrill|atk|1\n|move|p2a: Excadrill|Swords Dance|p2a: Excadrill\n|-boost|p2a: Excadrill|atk|2\n|\n|-weather|Sandstorm|[upkeep]\n|upkeep\n|turn|5\n|\n|t:|1788284856\n|move|p2a: Excadrill|Rapid Spin|p1a: Landorus\n|-crit|p1a: Landorus\n|-damage|p1a: Landorus|66/100\n|-boost|p2a: Excadrill|spe|1\n|-damage|p2a: Excadrill|81/100|[from] item: Rocky Helmet|[of] p1a: Landorus\n|-sideend|p2: moodrandom|Stealth Rock|[from] move: Rapid Spin|[of] p2a: Excadrill\n|move|p1a: Landorus|U-turn|p2a: Excadrill\n|-resisted|p2a: Excadrill\n|-damage|p2a: Excadrill|66/100\n|-enditem|p2a: Excadrill|Air Balloon\n|\n|t:|1788284867\n|switch|p1a: Scizor|Scizor, F|100/100|[from] U-turn\n|\n|-weather|Sandstorm|[upkeep]\n|upkeep\n|turn|6\n|\n|t:|1788284875\n|switch|p2a: Toxapex|Toxapex, M|100/100\n|switch|p1a: Landorus|Landorus-Therian, M, shiny|66/100\n|-ability|p1a: Landorus|Intimidate|boost\n|-unboost|p2a: Toxapex|atk|1\n|\n|-weather|Sandstorm|[upkeep]\n|-damage|p2a: Toxapex|95/100|[from] Sandstorm\n|upkeep\n|turn|7\n|\n|t:|1788284879\n|move|p1a: Landorus|Stealth Rock|p2a: Toxapex\n|-sidestart|p2: moodrandom|move: Stealth Rock\n|move|p2a: Toxapex|Recover|p2a: Toxapex\n|-heal|p2a: Toxapex|100/100\n|\n|-weather|Sandstorm|[upkeep]\n|-damage|p2a: Toxapex|95/100|[from] Sandstorm\n|upkeep\n|turn|8\n|\n|t:|1788284884\n|move|p1a: Landorus|Taunt|p2a: Toxapex\n|-start|p2a: Toxapex|move: Taunt\n|cant|p2a: Toxapex|move: Taunt|Toxic\n|\n|-weather|none\n|upkeep\n|turn|9\n|\n|t:|1788284907\n|switch|p2a: Houndstone|Houndstone, F|100/100\n|-damage|p2a: Houndstone|88/100|[from] Stealth Rock\n|move|p1a: Landorus|U-turn|p2a: Houndstone\n|-resisted|p2a: Houndstone\n|-damage|p2a: Houndstone|76/100\n|\n|t:|1788284912\n|switch|p1a: Phantom Opera|Darkrai, shiny|100/100|[from] U-turn\n|\n|upkeep\n|turn|10\n|\n|t:|1788284915\n|switch|p2a: Tyranitar|Tyranitar, F|64/100\n|-damage|p2a: Tyranitar|51/100|[from] Stealth Rock\n|-weather|Sandstorm|[from] ability: Sand Stream|[of] p2a: Tyranitar\n|move|p1a: Phantom Opera|Ice Beam|p2a: Tyranitar\n|-damage|p2a: Tyranitar|36/100\n|\n|-weather|Sandstorm|[upkeep]\n|-damage|p1a: Phantom Opera|94/100|[from] Sandstorm\n|-heal|p1a: Phantom Opera|100/100|[from] item: Leftovers\n|upkeep\n|turn|11\n|\n|t:|1788284927\n|switch|p1a: Hatterene|Hatterene, F|54/100\n|move|p2a: Tyranitar|Low Kick|p1a: Hatterene\n|-resisted|p1a: Hatterene\n|-damage|p1a: Hatterene|53/100\n|\n|-weather|Sandstorm|[upkeep]\n|-damage|p1a: Hatterene|47/100|[from] Sandstorm\n|upkeep\n|turn|12\n|\n|t:|1788284932\n|switch|p2a: Excadrill|Excadrill, M|66/100\n|-damage|p2a: Excadrill|63/100|[from] Stealth Rock\n|switch|p1a: Landorus|Landorus-Therian, M, shiny|66/100\n|-ability|p1a: Landorus|Intimidate|boost\n|-unboost|p2a: Excadrill|atk|1\n|\n|-weather|Sandstorm|[upkeep]\n|upkeep\n|turn|13\n|\n|t:|1788284937\n|switch|p2a: Latios|Latios, M|100/100\n|-damage|p2a: Latios|88/100|[from] Stealth Rock\n|move|p1a: Landorus|Earthquake|p2a: Latios\n|-immune|p2a: Latios|[from] ability: Levitate\n|\n|-weather|Sandstorm|[upkeep]\n|-damage|p2a: Latios|82/100|[from] Sandstorm\n|upkeep\n|turn|14\n|\n|t:|1788284942\n|switch|p1a: Hatterene|Hatterene, F|47/100\n|move|p2a: Latios|Future Sight|p1a: Hatterene\n|-start|p2a: Latios|move: Future Sight\n|\n|-weather|Sandstorm|[upkeep]\n|-damage|p2a: Latios|76/100|[from] Sandstorm\n|-damage|p1a: Hatterene|41/100|[from] Sandstorm\n|upkeep\n|turn|15\n|\n|t:|1788284951\n|move|p2a: Latios|Flip Turn|p1a: Hatterene\n|-damage|p1a: Hatterene|32/100\n|\n|t:|1788284954\n|switch|p2a: Toxapex|Toxapex, M|100/100|[from] Flip Turn\n|-damage|p2a: Toxapex|88/100|[from] Stealth Rock\n|move|p1a: Hatterene|Pain Split|p2a: Toxapex\n|-sethp|p2a: Toxapex|61/100|[from] move: Pain Split|[silent]\n|-sethp|p1a: Hatterene|58/100|[from] move: Pain Split\n|\n|-weather|Sandstorm|[upkeep]\n|-damage|p1a: Hatterene|52/100|[from] Sandstorm\n|-damage|p2a: Toxapex|55/100|[from] Sandstorm\n|upkeep\n|turn|16\n|\n|t:|1788284961\n|move|p1a: Hatterene|Nuzzle|p2a: Toxapex\n|-supereffective|p2a: Toxapex\n|-crit|p2a: Toxapex\n|-damage|p2a: Toxapex|46/100\n|-status|p2a: Toxapex|par\n|move|p2a: Toxapex|Recover|p2a: Toxapex\n|-heal|p2a: Toxapex|97/100 par\n|\n|-weather|Sandstorm|[upkeep]\n|-damage|p1a: Hatterene|46/100|[from] Sandstorm\n|-damage|p2a: Toxapex|91/100 par|[from] Sandstorm\n|-end|p1a: Hatterene|move: Future Sight\n|-resisted|p1a: Hatterene\n|-damage|p1a: Hatterene|11/100\n|upkeep\n|turn|17\n|\n|t:|1788284966\n|switch|p2a: Excadrill|Excadrill, M|63/100\n|-damage|p2a: Excadrill|60/100|[from] Stealth Rock\n|move|p1a: Hatterene|Pain Split|p2a: Excadrill\n|-sethp|p2a: Excadrill|35/100|[from] move: Pain Split|[silent]\n|-sethp|p1a: Hatterene|39/100|[from] move: Pain Split\n|\n|-weather|none\n|upkeep\n|turn|18\n|\n|t:|1788284969\n|switch|p1a: Landorus|Landorus-Therian, M, shiny|66/100\n|-ability|p1a: Landorus|Intimidate|boost\n|-unboost|p2a: Excadrill|atk|1\n|move|p2a: Excadrill|Rapid Spin|p1a: Landorus\n|-damage|p1a: Landorus|56/100\n|-boost|p2a: Excadrill|spe|1\n|-damage|p2a: Excadrill|18/100|[from] item: Rocky Helmet|[of] p1a: Landorus\n|-sideend|p2: moodrandom|Stealth Rock|[from] move: Rapid Spin|[of] p2a: Excadrill\n|\n|upkeep\n|turn|19\n|\n|t:|1788284974\n|move|p2a: Excadrill|Swords Dance|p2a: Excadrill\n|-boost|p2a: Excadrill|atk|2\n|move|p1a: Landorus|U-turn|p2a: Excadrill\n|-resisted|p2a: Excadrill\n|-damage|p2a: Excadrill|1/100\n|\n|t:|1788284979\n|switch|p1a: Scizor|Scizor, F|100/100|[from] U-turn\n|\n|upkeep\n|turn|20\n|\n|t:|1788284982\n|switch|p2a: Toxapex|Toxapex, M|100/100 par\n|move|p1a: Scizor|Bullet Punch|p2a: Toxapex\n|-resisted|p2a: Toxapex\n|-damage|p2a: Toxapex|81/100 par\n|\n|upkeep\n|turn|21\n|\n|t:|1788284986\n|switch|p1a: Hatterene|Hatterene, F|39/100\n|move|p2a: Toxapex|Toxic|p1a: Hatterene\n|move|p1a: Hatterene|Toxic||[from] ability: Magic Bounce|[still]\n|-fail|p1a: Hatterene\n|\n|upkeep\n|turn|22\n|\n|t:|1788284992\n|switch|p2a: Tyranitar|Tyranitar, F|36/100\n|-weather|Sandstorm|[from] ability: Sand Stream|[of] p2a: Tyranitar\n|move|p1a: Hatterene|Psychic Noise|p2a: Tyranitar\n|-immune|p2a: Tyranitar\n|\n|-weather|Sandstorm|[upkeep]\n|-damage|p1a: Hatterene|34/100|[from] Sandstorm\n|upkeep\n|turn|23\n|\n|t:|1788284997\n|move|p2a: Tyranitar|Knock Off|p1a: Hatterene\n|-damage|p1a: Hatterene|5/100\n|move|p1a: Hatterene|Nuzzle|p2a: Tyranitar\n|-crit|p2a: Tyranitar\n|-damage|p2a: Tyranitar|32/100\n|-status|p2a: Tyranitar|par\n|\n|-weather|Sandstorm|[upkeep]\n|-damage|p1a: Hatterene|0 fnt|[from] Sandstorm\n|faint|p1a: Hatterene\n|upkeep\n|\n|t:|1788285002\n|switch|p1a: Scizor|Scizor, F|100/100\n|turn|24\n|\n|t:|1788285011\n|switch|p2a: Toxapex|Toxapex, M|100/100 par\n|move|p1a: Scizor|U-turn|p2a: Toxapex\n|-resisted|p2a: Toxapex\n|-damage|p2a: Toxapex|78/100 par\n|\n|t:|1788285014\n|switch|p1a: Landorus|Landorus-Therian, M, shiny|56/100|[from] U-turn\n|-ability|p1a: Landorus|Intimidate|boost\n|-unboost|p2a: Toxapex|atk|1\n|\n|-weather|Sandstorm|[upkeep]\n|-damage|p2a: Toxapex|72/100 par|[from] Sandstorm\n|upkeep\n|turn|25\n|\n|t:|1788285017\n|move|p1a: Landorus|Taunt|p2a: Toxapex\n|-start|p2a: Toxapex|move: Taunt\n|cant|p2a: Toxapex|move: Taunt|Toxic Spikes\n|\n|-weather|Sandstorm|[upkeep]\n|-damage|p2a: Toxapex|66/100 par|[from] Sandstorm\n|upkeep\n|turn|26\n|\n|t:|1788285021\n|switch|p2a: Houndstone|Houndstone, F|76/100\n|move|p1a: Landorus|Stealth Rock|p2a: Houndstone\n|-sidestart|p2: moodrandom|move: Stealth Rock\n|\n|-weather|Sandstorm|[upkeep]\n|upkeep\n|turn|27\n|\n|t:|1788285024\n|move|p2a: Houndstone|Poltergeist|p1a: Landorus\n|-activate|p1a: Landorus|move: Poltergeist|Rocky Helmet\n|-damage|p1a: Landorus|0 fnt\n|faint|p1a: Landorus\n|\n|-weather|Sandstorm|[upkeep]\n|upkeep\n|\n|t:|1788285029\n|switch|p1a: Phantom Opera|Darkrai, shiny|100/100\n|turn|28\n|\n|t:|1788285032\n|switch|p2a: Excadrill|Excadrill, M|1/100\n|-damage|p2a: Excadrill|0 fnt|[from] Stealth Rock\n|faint|p2a: Excadrill\n|move|p1a: Phantom Opera|Ice Beam|p2: Excadrill|[notarget]\n|-fail|p1a: Phantom Opera\n|\n|-weather|Sandstorm|[upkeep]\n|-damage|p1a: Phantom Opera|94/100|[from] Sandstorm\n|-heal|p1a: Phantom Opera|100/100|[from] item: Leftovers\n|upkeep\n|\n|t:|1788285039\n|switch|p2a: Zamazenta|Zamazenta|100/100\n|-damage|p2a: Zamazenta|94/100|[from] Stealth Rock\n|-ability|p2a: Zamazenta|Dauntless Shield|boost\n|-boost|p2a: Zamazenta|def|1\n|turn|29\n|\n|t:|1788285041\n|-terastallize|p1a: Phantom Opera|Poison\n|move|p2a: Zamazenta|Close Combat|p1a: Phantom Opera\n|-resisted|p1a: Phantom Opera\n|-damage|p1a: Phantom Opera|67/100\n|-unboost|p2a: Zamazenta|def|1\n|-unboost|p2a: Zamazenta|spd|1\n|move|p1a: Phantom Opera|Sludge Bomb|p2a: Zamazenta\n|-damage|p2a: Zamazenta|31/100\n|\n|-weather|none\n|-heal|p1a: Phantom Opera|73/100|[from] item: Leftovers\n|upkeep\n|turn|30\n|\n|t:|1788285050\n|switch|p2a: Tyranitar|Tyranitar, F|32/100 par\n|-damage|p2a: Tyranitar|19/100 par|[from] Stealth Rock\n|-weather|Sandstorm|[from] ability: Sand Stream|[of] p2a: Tyranitar\n|move|p1a: Phantom Opera|Sludge Bomb|p2a: Tyranitar\n|-resisted|p2a: Tyranitar\n|-damage|p2a: Tyranitar|6/100 par\n|\n|-weather|Sandstorm|[upkeep]\n|-damage|p1a: Phantom Opera|67/100|[from] Sandstorm\n|-heal|p1a: Phantom Opera|73/100|[from] item: Leftovers\n|upkeep\n|turn|31\n|\n|t:|1788285054\n|move|p1a: Phantom Opera|Ice Beam|p2a: Tyranitar\n|-damage|p2a: Tyranitar|0 fnt\n|faint|p2a: Tyranitar\n|\n|-weather|Sandstorm|[upkeep]\n|-damage|p1a: Phantom Opera|67/100|[from] Sandstorm\n|-heal|p1a: Phantom Opera|73/100|[from] item: Leftovers\n|upkeep\n|\n|t:|1788285068\n|switch|p2a: Zamazenta|Zamazenta|31/100\n|-damage|p2a: Zamazenta|25/100|[from] Stealth Rock\n|turn|32\n|\n|t:|1788285075\n|switch|p1a: Cinderace|Cinderace, F|100/100\n|move|p2a: Zamazenta|Crunch|p1a: Cinderace\n|-damage|p1a: Cinderace|63/100\n|-unboost|p1a: Cinderace|def|1\n|\n|-weather|Sandstorm|[upkeep]\n|-damage|p2a: Zamazenta|19/100|[from] Sandstorm\n|-damage|p1a: Cinderace|57/100|[from] Sandstorm\n|upkeep\n|turn|33\n|\n|t:|1788285084\n|switch|p1a: Samurott|Samurott-Hisui, F|100/100\n|move|p2a: Zamazenta|Stone Edge|p1a: Samurott|[miss]\n|-miss|p2a: Zamazenta|p1a: Samurott\n|\n|-weather|Sandstorm|[upkeep]\n|-damage|p2a: Zamazenta|13/100|[from] Sandstorm\n|-damage|p1a: Samurott|94/100|[from] Sandstorm\n|upkeep\n|turn|34\n|\n|t:|1788285089\n|move|p1a: Samurott|Sucker Punch|p2a: Zamazenta\n|-resisted|p2a: Zamazenta\n|-damage|p2a: Zamazenta|0 fnt\n|faint|p2a: Zamazenta\n|\n|-weather|Sandstorm|[upkeep]\n|-damage|p1a: Samurott|88/100|[from] Sandstorm\n|upkeep\n|\n|t:|1788285105\n|switch|p2a: Latios|Latios, M|76/100\n|-damage|p2a: Latios|64/100|[from] Stealth Rock\n|turn|35\n|\n|t:|1788285108\n|move|p2a: Latios|Draco Meteor|p1a: Samurott\n|-damage|p1a: Samurott|27/100\n|-unboost|p2a: Latios|spa|2\n|move|p1a: Samurott|Ceaseless Edge|p2a: Latios\n|-supereffective|p2a: Latios\n|-damage|p2a: Latios|0 fnt\n|-sidestart|p2: moodrandom|Spikes\n|faint|p2a: Latios\n|\n|-weather|Sandstorm|[upkeep]\n|-damage|p1a: Samurott|21/100|[from] Sandstorm\n|upkeep\n|-message|moodrandom forfeited.\n|\n|win|ihymyly\n|raw|ihymyly's rating: 1634 &rarr; <strong>1650</strong><br />(+16 for winning)\n|raw|moodrandom's rating: 1568 &rarr; <strong>1552</strong><br />(-16 for losing)\n|l|\u2606moodrandom\n|player|p2|\n|l|\u2606ihymyly\n|player|p1|\n|l| Slashutu\n", "uploadtime": 1788285340, "views": "0", "formatid": "gen9ou", "rating": 1552, "private": 0, "password": null}