{"id": "gen9ou-2673902733", "format": "[Gen 9] OU", "players": ["BFO Ethanol", "beeboobaa"], "log": "|badge|p1|bronze|gen9ubers|100-10\n|uhtml|medal-msg|<div class=\"broadcast-blue\">Curious what those medals under the avatar are? PS now has Ladder Seasons! For more information, check out the <a href=\"https://www.smogon.com/forums/threads/3740067/\">thread on Smogon.</a></div>\n|j|\u2606BFO Ethanol\n|j|\u2606beeboobaa\n|t:|1788275122\n|gametype|singles\n|player|p1|BFO Ethanol|wallace-gen6|1395\n|player|p2|beeboobaa|265|1458\n|gen|9\n|tier|[Gen 9] OU\n|rated|\n|rule|HP Percentage Mod: HP is shown in percentages\n|rule|Endless Battle Clause: Forcing endless battles is banned\n|rule|Species Clause: Limit one of each Pok\u00e9mon\n|rule|OHKO Clause: OHKO moves are banned\n|rule|Evasion Items Clause: Evasion items are banned\n|rule|Evasion Moves Clause: Evasion moves are banned\n|rule|Evasion Abilities Clause: Evasion abilities are banned\n|rule|Sleep Moves Clause: Sleep-inducing moves are banned\n|clearpoke\n|poke|p1|Primarina, M|\n|poke|p1|Great Tusk|\n|poke|p1|Enamorus, F|\n|poke|p1|Slowking-Galar, M|\n|poke|p1|Ogerpon, F|\n|poke|p1|Kingambit, M|\n|poke|p2|Clefable, F|\n|poke|p2|Slowbro, M|\n|poke|p2|Cloyster, M|\n|poke|p2|Chansey, F|\n|poke|p2|Ditto|\n|poke|p2|Moltres|\n|teampreview\n|\n|t:|1788275143\n|teamsize|p1|6\n|teamsize|p2|6\n|start\n|switch|p1a: Ogerpon|Ogerpon, F|100/100\n|switch|p2a: Cloyster|Cloyster, M, shiny|100/100\n|turn|1\n|\n|t:|1788275155\n|move|p1a: Ogerpon|Ivy Cudgel|p2a: Cloyster\n|-supereffective|p2a: Cloyster\n|-enditem|p2a: Cloyster|Focus Sash\n|-damage|p2a: Cloyster|1/100\n|move|p2a: Cloyster|Shell Smash|p2a: Cloyster\n|-unboost|p2a: Cloyster|def|1\n|-unboost|p2a: Cloyster|spd|1\n|-boost|p2a: Cloyster|atk|2\n|-boost|p2a: Cloyster|spa|2\n|-boost|p2a: Cloyster|spe|2\n|\n|upkeep\n|turn|2\n|\n|t:|1788275165\n|-terastallize|p1a: Ogerpon|Grass\n|detailschange|p1a: Ogerpon|Ogerpon-Teal-Tera, F, tera:Grass\n|-ability|p1a: Ogerpon|Embody Aspect (Teal)|boost\n|-boost|p1a: Ogerpon|spe|1\n|move|p1a: Ogerpon|Ivy Cudgel|p2a: Cloyster\n|-supereffective|p2a: Cloyster\n|-damage|p2a: Cloyster|0 fnt\n|faint|p2a: Cloyster\n|\n|upkeep\n|c|\u2606beeboobaa|oh damn\n|c|\u2606beeboobaa|i should have just attacked straight up\n|\n|t:|1788275179\n|switch|p2a: Moltres|Moltres, shiny|100/100\n|turn|3\n|c|\u2606BFO Ethanol|lowkey had to check I was faster\n|c|\u2606BFO Ethanol|lol\n|c|\u2606beeboobaa|lol\n|\n|t:|1788275190\n|switch|p1a: Slowking|Slowking-Galar, M, shiny|100/100\n|move|p2a: Moltres|Flamethrower|p1a: Slowking\n|-damage|p1a: Slowking|80/100\n|\n|upkeep\n|turn|4\n|\n|t:|1788275196\n|move|p2a: Moltres|Scorching Sands|p1a: Slowking\n|-supereffective|p1a: Slowking\n|-damage|p1a: Slowking|60/100\n|move|p1a: Slowking|Sludge Bomb|p2a: Moltres\n|-damage|p2a: Moltres|69/100\n|-status|p2a: Moltres|psn\n|\n|-damage|p2a: Moltres|56/100 psn|[from] psn\n|upkeep\n|turn|5\n|\n|t:|1788275201\n|switch|p2a: Chansey|Chansey, F, shiny|100/100\n|move|p1a: Slowking|Psychic Noise|p2a: Chansey\n|-damage|p2a: Chansey|93/100\n|-start|p2a: Chansey|move: Heal Block\n|\n|upkeep\n|turn|6\n|\n|t:|1788275208\n|switch|p1a: Ogerpon|Ogerpon-Teal-Tera, F, tera:Grass|100/100\n|-ability|p1a: Ogerpon|Embody Aspect (Teal)|boost\n|-boost|p1a: Ogerpon|spe|1\n|move|p2a: Chansey|Heal Bell|p2a: Chansey\n|-activate|p2a: Chansey|move: Heal Bell\n|-curestatus|p2: Moltres|psn|[msg]\n|\n|-end|p2a: Chansey|move: Heal Block\n|upkeep\n|turn|7\n|\n|t:|1788275215\n|switch|p2a: Moltres|Moltres, shiny|56/100\n|move|p1a: Ogerpon|Knock Off|p2a: Moltres\n|-damage|p2a: Moltres|26/100\n|-status|p1a: Ogerpon|brn|[from] ability: Flame Body|[of] p2a: Moltres\n|-enditem|p2a: Moltres|Heavy-Duty Boots|[from] move: Knock Off|[of] p1a: Ogerpon\n|\n|-damage|p1a: Ogerpon|95/100 brn|[from] brn\n|upkeep\n|turn|8\n|\n|t:|1788275221\n|switch|p1a: Slowking|Slowking-Galar, M, shiny|93/100\n|move|p2a: Moltres|Roost|p2a: Moltres\n|-heal|p2a: Moltres|76/100\n|-singleturn|p2a: Moltres|move: Roost\n|\n|upkeep\n|turn|9\n|\n|t:|1788275226\n|switch|p2a: Chansey|Chansey, F, shiny|93/100\n|move|p1a: Slowking|Sludge Bomb|p2a: Chansey\n|-damage|p2a: Chansey|84/100\n|-status|p2a: Chansey|psn\n|\n|-damage|p2a: Chansey|72/100 psn|[from] psn\n|upkeep\n|turn|10\n|\n|t:|1788275231\n|switch|p1a: Great Tusk|Great Tusk, shiny|100/100\n|move|p2a: Chansey|Heal Bell|p2a: Chansey\n|-activate|p2a: Chansey|move: Heal Bell\n|-curestatus|p2a: Chansey|psn|[msg]\n|\n|upkeep\n|turn|11\n|\n|t:|1788275233\n|switch|p2a: Moltres|Moltres, shiny|76/100\n|move|p1a: Great Tusk|Stealth Rock|p2a: Moltres\n|-sidestart|p2: beeboobaa|move: Stealth Rock\n|\n|upkeep\n|turn|12\n|\n|t:|1788275237\n|-end|p1a: Great Tusk|Protosynthesis|[silent]\n|switch|p1a: Ogerpon|Ogerpon-Teal-Tera, F, tera:Grass|95/100 brn\n|-ability|p1a: Ogerpon|Embody Aspect (Teal)|boost\n|-boost|p1a: Ogerpon|spe|1\n|move|p2a: Moltres|Scorching Sands|p1a: Ogerpon\n|-resisted|p1a: Ogerpon\n|-damage|p1a: Ogerpon|83/100 brn\n|\n|-damage|p1a: Ogerpon|77/100 brn|[from] brn\n|upkeep\n|turn|13\n|\n|t:|1788275241\n|move|p1a: Ogerpon|Rock Tomb|p2a: Moltres\n|-supereffective|p2a: Moltres\n|-damage|p2a: Moltres|36/100\n|-unboost|p2a: Moltres|spe|1\n|move|p2a: Moltres|Flamethrower|p1a: Ogerpon\n|-supereffective|p1a: Ogerpon\n|-damage|p1a: Ogerpon|0 fnt\n|faint|p1a: Ogerpon\n|detailschange|p1: Ogerpon|Ogerpon, F|[silent]\n|\n|upkeep\n|\n|t:|1788275246\n|switch|p1a: Enamorus|Enamorus, F, shiny|100/100\n|turn|14\n|c|\u2606beeboobaa|ah\n|\n|t:|1788275250\n|move|p1a: Enamorus|Moonblast|p2a: Moltres\n|-resisted|p2a: Moltres\n|-damage|p2a: Moltres|5/100\n|move|p2a: Moltres|Roost|p2a: Moltres\n|-heal|p2a: Moltres|55/100\n|-singleturn|p2a: Moltres|move: Roost\n|\n|upkeep\n|turn|15\n|\n|t:|1788275256\n|switch|p1a: Slowking|Slowking-Galar, M, shiny|100/100\n|move|p2a: Moltres|Roost|p2a: Moltres\n|-heal|p2a: Moltres|100/100\n|-singleturn|p2a: Moltres|move: Roost\n|\n|upkeep\n|turn|16\n|\n|t:|1788275267\n|switch|p2a: Chansey|Chansey, F, shiny|72/100\n|-damage|p2a: Chansey|59/100|[from] Stealth Rock\n|move|p1a: Slowking|Sludge Bomb|p2a: Chansey\n|-crit|p2a: Chansey\n|-damage|p2a: Chansey|45/100\n|-status|p2a: Chansey|psn\n|\n|-damage|p2a: Chansey|32/100 psn|[from] psn\n|upkeep\n|turn|17\n|\n|t:|1788275270\n|move|p2a: Chansey|Soft-Boiled|p2a: Chansey\n|-heal|p2a: Chansey|82/100 psn\n|move|p1a: Slowking|Psychic Noise|p2a: Chansey\n|-damage|p2a: Chansey|75/100 psn\n|-start|p2a: Chansey|move: Heal Block\n|\n|-damage|p2a: Chansey|62/100 psn|[from] psn\n|upkeep\n|turn|18\n|c|\u2606beeboobaa|ouch\n|c|\u2606beeboobaa|poison each time\n|\n|t:|1788275281\n|switch|p1a: Kingambit|Kingambit, M|100/100\n|-activate|p1a: Kingambit|ability: Supreme Overlord\n|-start|p1a: Kingambit|fallen1|[silent]\n|move|p2a: Chansey|Heal Bell|p2a: Chansey\n|-activate|p2a: Chansey|move: Heal Bell\n|-curestatus|p2a: Chansey|psn|[msg]\n|\n|-end|p2a: Chansey|move: Heal Block\n|upkeep\n|turn|19\n|c|\u2606BFO Ethanol|yeah the sludge luck is wild\n|\n|t:|1788275289\n|switch|p2a: Moltres|Moltres, shiny|100/100\n|-damage|p2a: Moltres|50/100|[from] Stealth Rock\n|-end|p1a: Kingambit|fallen1|[silent]\n|switch|p1a: Primarina|Primarina, M, shiny|100/100\n|\n|upkeep\n|turn|20\n|c|\u2606beeboobaa|ahah generally or in just this game?\n|c|\u2606BFO Ethanol|oh just this game\n|c|\u2606BFO Ethanol|lol\n|c|\u2606beeboobaa|have you noticed, everytime you switch mon, and there is an incoming attack\n|c|\u2606beeboobaa|if the attack is not 100% accurate, it usually misses?\n|\n|t:|1788275331\n|move|p1a: Primarina|Substitute|p1a: Primarina\n|-start|p1a: Primarina|Substitute\n|-damage|p1a: Primarina|76/100\n|move|p2a: Moltres|Roost|p2a: Moltres\n|-heal|p2a: Moltres|100/100\n|-singleturn|p2a: Moltres|move: Roost\n|\n|-heal|p1a: Primarina|82/100|[from] item: Leftovers\n|upkeep\n|turn|21\n|c|\u2606BFO Ethanol|if it aint 100 its 50\n|\n|t:|1788275336\n|move|p1a: Primarina|Psychic Noise|p2a: Moltres\n|-supereffective|p2a: Moltres\n|-damage|p2a: Moltres|11/100\n|-start|p2a: Moltres|move: Heal Block\n|move|p2a: Moltres|Scorching Sands|p1a: Primarina\n|-activate|p1a: Primarina|move: Substitute|[damage]\n|\n|-heal|p1a: Primarina|88/100|[from] item: Leftovers\n|upkeep\n|turn|22\n|\n|t:|1788275344\n|move|p1a: Primarina|Moonblast|p2a: Moltres\n|-resisted|p2a: Moltres\n|-damage|p2a: Moltres|0 fnt\n|faint|p2a: Moltres\n|\n|-heal|p1a: Primarina|94/100|[from] item: Leftovers\n|upkeep\n|c|\u2606beeboobaa|\"if it aint 100 its 50\" yeah exactly\n|c|\u2606beeboobaa|why though\n|\n|t:|1788275360\n|switch|p2a: Chansey|Chansey, F, shiny|62/100\n|-damage|p2a: Chansey|50/100|[from] Stealth Rock\n|turn|23\n|\n|t:|1788275372\n|move|p1a: Primarina|Psychic Noise|p2a: Chansey\n|-damage|p2a: Chansey|39/100\n|-start|p2a: Chansey|move: Heal Block\n|cant|p2a: Chansey|move: Heal Block|Soft-Boiled\n|\n|-heal|p1a: Primarina|99/100|[from] item: Leftovers\n|upkeep\n|turn|24\n|c|\u2606BFO Ethanol|I really dont know\n|\n|t:|1788275379\n|switch|p2a: Slowbro|Slowbro, M, shiny|100/100\n|move|p1a: Primarina|Whirlpool|p2a: Slowbro\n|-resisted|p2a: Slowbro\n|-damage|p2a: Slowbro|91/100\n|-activate|p2a: Slowbro|move: Whirlpool|[of] p1a: Primarina\n|\n|-heal|p1a: Primarina|100/100|[from] item: Leftovers\n|-damage|p2a: Slowbro|78/100|[from] move: Whirlpool|[partiallytrapped]\n|upkeep\n|turn|25\n|\n|t:|1788275388\n|move|p1a: Primarina|Moonblast|p2a: Slowbro\n|-damage|p2a: Slowbro|20/100\n|move|p2a: Slowbro|Calm Mind|p2a: Slowbro\n|-boost|p2a: Slowbro|spa|1\n|-boost|p2a: Slowbro|spd|1\n|\n|-damage|p2a: Slowbro|7/100|[from] move: Whirlpool|[partiallytrapped]\n|upkeep\n|turn|26\n|c|\u2606beeboobaa|oh damn\n|\n|t:|1788275398\n|move|p1a: Primarina|Moonblast|p2a: Slowbro\n|-damage|p2a: Slowbro|0 fnt\n|faint|p2a: Slowbro\n|\n|upkeep\n|c|\u2606BFO Ethanol|yeah stallbreaker prim is a mon of all time\n|c|\u2606BFO Ethanol|just a really bad matchup for you\n|c|\u2606beeboobaa|noo aha\n|c|\u2606beeboobaa|i should have done roar maybe with moltres, or.. switched out earlier maybe\n|c|\u2606BFO Ethanol|its a tough one\n|\n|t:|1788275489\n|switch|p2a: Ditto|Ditto, shiny|100/100\n|-damage|p2a: Ditto|88/100|[from] Stealth Rock\n|turn|27\n|c|\u2606beeboobaa|oh forgot\n|\n|t:|1788275497\n|switch|p2a: Chansey|Chansey, F, shiny|39/100\n|-damage|p2a: Chansey|27/100|[from] Stealth Rock\n|move|p1a: Primarina|Moonblast|p2a: Chansey\n|-damage|p2a: Chansey|13/100\n|-unboost|p2a: Chansey|spa|1\n|\n|upkeep\n|turn|28\n|\n|t:|1788275501\n|move|p1a: Primarina|Psychic Noise|p2a: Chansey\n|-damage|p2a: Chansey|1/100\n|-start|p2a: Chansey|move: Heal Block\n|move|p2a: Chansey|Seismic Toss|p1a: Primarina\n|-end|p1a: Primarina|Substitute\n|\n|upkeep\n|turn|29\n|\n|t:|1788275509\n|move|p1a: Primarina|Moonblast|p2a: Chansey\n|-damage|p2a: Chansey|0 fnt\n|faint|p2a: Chansey\n|\n|upkeep\n|\n|t:|1788275512\n|switch|p2a: Ditto|Ditto, shiny|88/100\n|-damage|p2a: Ditto|76/100|[from] Stealth Rock\n|-transform|p2a: Ditto|p1a: Primarina|[from] ability: Imposter\n|turn|30\n|c|\u2606beeboobaa|a couple of misplays\n|\n|t:|1788275526\n|move|p2a: Ditto|Moonblast|p1a: Primarina\n|-damage|p1a: Primarina|44/100\n|move|p1a: Primarina|Moonblast|p2a: Ditto\n|-damage|p2a: Ditto|27/100\n|-unboost|p2a: Ditto|spa|1\n|\n|-heal|p1a: Primarina|50/100|[from] item: Leftovers\n|upkeep\n|turn|31\n|\n|t:|1788275533\n|switch|p1a: Slowking|Slowking-Galar, M, shiny|100/100\n|move|p2a: Ditto|Moonblast|p1a: Slowking\n|-resisted|p1a: Slowking\n|-damage|p1a: Slowking|91/100\n|-unboost|p1a: Slowking|spa|1\n|\n|upkeep\n|turn|32\n|\n|t:|1788275544\n|switch|p2a: Clefable|Clefable, F, shiny|100/100\n|switch|p1a: Kingambit|Kingambit, M|100/100\n|-activate|p1a: Kingambit|ability: Supreme Overlord\n|-start|p1a: Kingambit|fallen1|[silent]\n|\n|upkeep\n|turn|33\n|\n|t:|1788275548\n|-terastallize|p2a: Clefable|Water\n|move|p2a: Clefable|Calm Mind|p2a: Clefable\n|-boost|p2a: Clefable|spa|1\n|-boost|p2a: Clefable|spd|1\n|move|p1a: Kingambit|Iron Head|p2a: Clefable\n|-resisted|p2a: Clefable\n|-damage|p2a: Clefable|80/100\n|-damage|p1a: Kingambit|84/100|[from] item: Rocky Helmet|[of] p2a: Clefable\n|\n|-heal|p1a: Kingambit|90/100|[from] item: Leftovers\n|upkeep\n|turn|34\n|\n|t:|1788275570\n|move|p2a: Clefable|Moonblast|p1a: Kingambit\n|-damage|p1a: Kingambit|46/100\n|-unboost|p1a: Kingambit|spa|1\n|move|p1a: Kingambit|Swords Dance|p1a: Kingambit\n|-boost|p1a: Kingambit|atk|2\n|\n|-heal|p1a: Kingambit|52/100|[from] item: Leftovers\n|upkeep\n|turn|35\n|\n|t:|1788275576\n|move|p2a: Clefable|Moonblast|p1a: Kingambit\n|-damage|p1a: Kingambit|10/100\n|-unboost|p1a: Kingambit|spa|1\n|move|p1a: Kingambit|Kowtow Cleave|p2a: Clefable\n|-damage|p2a: Clefable|0 fnt\n|-damage|p1a: Kingambit|0 fnt|[from] item: Rocky Helmet|[of] p2a: Clefable\n|faint|p2a: Clefable\n|faint|p1a: Kingambit\n|-end|p1a: Kingambit|fallen1|[silent]\n|\n|upkeep\n|c|\u2606beeboobaa|okay aha\n|\n|t:|1788275585\n|switch|p2a: Ditto|Ditto, shiny|27/100\n|switch|p1a: Enamorus|Enamorus, F, shiny|100/100\n|-damage|p2a: Ditto|14/100|[from] Stealth Rock\n|-transform|p2a: Ditto|p1a: Enamorus|[from] ability: Imposter\n|turn|36\n|c|\u2606beeboobaa|gg\n|c|\u2606BFO Ethanol|gg\n|\n|t:|1788275593\n|switch|p1a: Slowking|Slowking-Galar, M, shiny|100/100\n|move|p2a: Ditto|Moonblast|p1a: Slowking\n|-resisted|p1a: Slowking\n|-damage|p1a: Slowking|87/100\n|\n|upkeep\n|turn|37\n|\n|t:|1788275595\n|move|p2a: Ditto|Moonblast|p1a: Slowking\n|-resisted|p1a: Slowking\n|-damage|p1a: Slowking|71/100\n|move|p1a: Slowking|Sludge Bomb|p2a: Ditto\n|-supereffective|p2a: Ditto\n|-crit|p2a: Ditto\n|-damage|p2a: Ditto|0 fnt\n|faint|p2a: Ditto\n|\n|win|BFO Ethanol\n|raw|BFO Ethanol's rating: 1395 &rarr; <strong>1419</strong><br />(+24 for winning)\n|raw|beeboobaa's rating: 1458 &rarr; <strong>1434</strong><br />(-24 for losing)\n|l|\u2606BFO Ethanol\n|player|p1|\n|l|\u2606beeboobaa\n|player|p2|\n", "uploadtime": 1788275826, "views": "0", "formatid": "gen9ou", "rating": 1419, "private": 0, "password": null}