{"id": "gen9ou-2673943166", "format": "[Gen 9] OU", "players": ["Zuifeng", "chusei20"], "log": "|j|\u2606Zuifeng\n|j|\u2606chusei20\n|t:|1788280028\n|gametype|singles\n|player|p1|Zuifeng|li|1835\n|player|p2|chusei20|benga|1769\n|gen|9\n|tier|[Gen 9] OU\n|rated|\n|rule|HP Percentage Mod: HP is shown in percentages\n|rule|Endless Battle Clause: Forcing endless battles is banned\n|rule|Species Clause: Limit one of each Pok\u00e9mon\n|rule|OHKO Clause: OHKO moves are banned\n|rule|Evasion Items Clause: Evasion items are banned\n|rule|Evasion Moves Clause: Evasion moves are banned\n|rule|Evasion Abilities Clause: Evasion abilities are banned\n|rule|Sleep Moves Clause: Sleep-inducing moves are banned\n|clearpoke\n|poke|p1|Dragapult, F|\n|poke|p1|Slowking-Galar, M|\n|poke|p1|Cinderace, M|\n|poke|p1|Great Tusk|\n|poke|p1|Tornadus-Therian, M|\n|poke|p1|Alomomola, M|\n|poke|p2|Ting-Lu|\n|poke|p2|Iron Valiant|\n|poke|p2|Glimmora, M|\n|poke|p2|Moltres|\n|poke|p2|Raging Bolt|\n|poke|p2|Kyurem|\n|teampreview\n|inactive|Battle timer is ON: inactive players will automatically lose when time's up. (requested by Zuifeng)\n|inactive|Zuifeng has 120 seconds left.\n|\n|t:|1788280062\n|teamsize|p1|6\n|teamsize|p2|6\n|start\n|switch|p1a: Dragapult|Dragapult, F|100/100\n|switch|p2a: Iron Valiant|Iron Valiant|100/100\n|-enditem|p2a: Iron Valiant|Booster Energy\n|-activate|p2a: Iron Valiant|ability: Quark Drive|[fromitem]\n|-start|p2a: Iron Valiant|quarkdrivespe\n|turn|1\n|\n|t:|1788280066\n|switch|p1a: Slowking|Slowking-Galar, M|100/100\n|move|p2a: Iron Valiant|Knock Off|p1a: Slowking\n|-supereffective|p1a: Slowking\n|-damage|p1a: Slowking|53/100\n|-damage|p2a: Iron Valiant|84/100|[from] item: Rocky Helmet|[of] p1a: Slowking\n|-enditem|p1a: Slowking|Rocky Helmet|[from] move: Knock Off|[of] p2a: Iron Valiant\n|\n|upkeep\n|turn|2\n|\n|t:|1788280073\n|-end|p2a: Iron Valiant|Quark Drive|[silent]\n|switch|p2a: Glimmora|Glimmora, M|100/100\n|-prepare|p1a: Slowking|Chilly Reception|[premajor]\n|move|p1a: Slowking|Chilly Reception|p1a: Slowking\n|-weather|Snowscape\n|\n|t:|1788280078\n|switch|p1a: Alomomola|Alomomola, M|100/100|[from] Chilly Reception\n|\n|-weather|Snowscape|[upkeep]\n|upkeep\n|turn|3\n|\n|t:|1788280085\n|move|p2a: Glimmora|Mortal Spin|p1a: Alomomola\n|-damage|p1a: Alomomola|96/100\n|-status|p1a: Alomomola|psn\n|move|p1a: Alomomola|Flip Turn|p2a: Glimmora\n|-supereffective|p2a: Glimmora\n|-damage|p2a: Glimmora|63/100\n|-activate|p2a: Glimmora|ability: Toxic Debris\n|-sidestart|p1: Zuifeng|move: Toxic Spikes\n|\n|t:|1788280091\n|switch|p1a: Great Tusk|Great Tusk|100/100|[from] Flip Turn\n|\n|-weather|Snowscape|[upkeep]\n|upkeep\n|turn|4\n|\n|t:|1788280099\n|switch|p2a: Moltres|Moltres|100/100\n|move|p1a: Great Tusk|Headlong Rush|p2a: Moltres\n|-immune|p2a: Moltres\n|\n|-weather|Snowscape|[upkeep]\n|upkeep\n|turn|5\n|\n|t:|1788280104\n|-end|p1a: Great Tusk|Protosynthesis|[silent]\n|switch|p1a: Slowking|Slowking-Galar, M|87/100\n|-sideend|p1: Zuifeng|move: Toxic Spikes|[of] p1a: Slowking\n|move|p2a: Moltres|U-turn|p1a: Slowking\n|-damage|p1a: Slowking|76/100\n|\n|t:|1788280106\n|switch|p2a: Kyurem|Kyurem|100/100|[from] U-turn\n|-ability|p2a: Kyurem|Pressure\n|\n|-weather|Snowscape|[upkeep]\n|upkeep\n|turn|6\n|\n|t:|1788280120\n|move|p2a: Kyurem|Earth Power|p1a: Slowking\n|-supereffective|p1a: Slowking\n|-damage|p1a: Slowking|26/100\n|-prepare|p1a: Slowking|Chilly Reception|[premajor]\n|move|p1a: Slowking|Chilly Reception|p1a: Slowking\n|\n|t:|1788280127\n|switch|p1a: Dragapult|Dragapult, F|100/100|[from] Chilly Reception\n|\n|-weather|none\n|upkeep\n|turn|7\n|\n|t:|1788280136\n|move|p2a: Kyurem|Protect|p2a: Kyurem\n|-singleturn|p2a: Kyurem|Protect\n|move|p1a: Dragapult|Dragon Darts|p2a: Kyurem\n|-activate|p2a: Kyurem|move: Protect\n|\n|upkeep\n|turn|8\n|\n|t:|1788280143\n|move|p1a: Dragapult|Dragon Darts|p2a: Kyurem\n|-supereffective|p2a: Kyurem\n|-damage|p2a: Kyurem|34/100\n|-anim|p1a: Dragapult|Dragon Darts|p2a: Kyurem\n|-supereffective|p2a: Kyurem\n|-damage|p2a: Kyurem|0 fnt\n|faint|p2a: Kyurem\n|\n|upkeep\n|\n|t:|1788280146\n|switch|p2a: Iron Valiant|Iron Valiant|84/100\n|turn|9\n|\n|t:|1788280152\n|switch|p1a: Slowking|Slowking-Galar, M|60/100\n|move|p2a: Iron Valiant|Swords Dance|p2a: Iron Valiant\n|-boost|p2a: Iron Valiant|atk|2\n|\n|upkeep\n|turn|10\n|\n|t:|1788280169\n|switch|p1a: Great Tusk|Great Tusk|100/100\n|move|p2a: Iron Valiant|Knock Off|p1a: Great Tusk\n|-resisted|p1a: Great Tusk\n|-damage|p1a: Great Tusk|75/100\n|-enditem|p1a: Great Tusk|Heavy-Duty Boots|[from] move: Knock Off|[of] p2a: Iron Valiant\n|\n|upkeep\n|turn|11\n|\n|t:|1788280180\n|move|p2a: Iron Valiant|Moonblast|p1a: Great Tusk\n|-supereffective|p1a: Great Tusk\n|-damage|p1a: Great Tusk|0 fnt\n|faint|p1a: Great Tusk\n|-end|p1a: Great Tusk|Protosynthesis|[silent]\n|\n|upkeep\n|\n|t:|1788280183\n|switch|p1a: Slowking|Slowking-Galar, M|93/100\n|turn|12\n|\n|t:|1788280188\n|move|p2a: Iron Valiant|Knock Off|p1a: Slowking\n|-supereffective|p1a: Slowking\n|-damage|p1a: Slowking|30/100\n|move|p1a: Slowking|Sludge Bomb|p2a: Iron Valiant\n|-supereffective|p2a: Iron Valiant\n|-damage|p2a: Iron Valiant|0 fnt\n|faint|p2a: Iron Valiant\n|-end|p2a: Iron Valiant|Quark Drive|[silent]\n|\n|upkeep\n|\n|t:|1788280190\n|switch|p2a: Glimmora|Glimmora, M|63/100\n|turn|13\n|\n|t:|1788280195\n|switch|p1a: Alomomola|Alomomola, M|100/100 psn\n|move|p2a: Glimmora|Power Gem|p1a: Alomomola\n|-damage|p1a: Alomomola|80/100 psn\n|\n|-damage|p1a: Alomomola|67/100 psn|[from] psn\n|upkeep\n|turn|14\n|\n|t:|1788280205\n|move|p2a: Glimmora|Sludge Wave|p1a: Alomomola\n|-damage|p1a: Alomomola|45/100 psn\n|move|p1a: Alomomola|Flip Turn|p2a: Glimmora\n|-supereffective|p2a: Glimmora\n|-damage|p2a: Glimmora|25/100\n|-activate|p2a: Glimmora|ability: Toxic Debris\n|-sidestart|p1: Zuifeng|move: Toxic Spikes\n|inactive|Zuifeng has 120 seconds left.\n|\n|t:|1788280245\n|switch|p1a: Cinderace|Cinderace, M|100/100|[from] Flip Turn\n|\n|upkeep\n|turn|15\n|\n|t:|1788280248\n|move|p1a: Cinderace|Pyro Ball|p2a: Glimmora\n|-resisted|p2a: Glimmora\n|-damage|p2a: Glimmora|0 fnt\n|-activate|p2a: Glimmora|ability: Toxic Debris\n|-sidestart|p1: Zuifeng|move: Toxic Spikes\n|faint|p2a: Glimmora\n|\n|upkeep\n|\n|t:|1788280249\n|switch|p2a: Raging Bolt|Raging Bolt|100/100\n|-enditem|p2a: Raging Bolt|Booster Energy\n|-activate|p2a: Raging Bolt|ability: Protosynthesis|[fromitem]\n|-start|p2a: Raging Bolt|protosynthesisspa\n|turn|16\n|\n|t:|1788280268\n|move|p1a: Cinderace|Will-O-Wisp|p2a: Raging Bolt\n|-status|p2a: Raging Bolt|brn\n|move|p2a: Raging Bolt|Calm Mind|p2a: Raging Bolt\n|-boost|p2a: Raging Bolt|spa|1\n|-boost|p2a: Raging Bolt|spd|1\n|\n|-damage|p2a: Raging Bolt|94/100 brn|[from] brn\n|upkeep\n|turn|17\n|\n|t:|1788280272\n|move|p1a: Cinderace|Pyro Ball|p2a: Raging Bolt\n|-resisted|p2a: Raging Bolt\n|-damage|p2a: Raging Bolt|73/100 brn\n|move|p2a: Raging Bolt|Thunderbolt|p1a: Cinderace\n|-damage|p1a: Cinderace|0 fnt\n|faint|p1a: Cinderace\n|\n|-damage|p2a: Raging Bolt|67/100 brn|[from] brn\n|upkeep\n|\n|t:|1788280279\n|switch|p1a: Alomomola|Alomomola, M|78/100 psn\n|turn|18\n|\n|t:|1788280281\n|-terastallize|p1a: Alomomola|Fairy\n|move|p2a: Raging Bolt|Calm Mind|p2a: Raging Bolt\n|-boost|p2a: Raging Bolt|spa|1\n|-boost|p2a: Raging Bolt|spd|1\n|move|p1a: Alomomola|Play Rough|p2a: Raging Bolt\n|-supereffective|p2a: Raging Bolt\n|-damage|p2a: Raging Bolt|22/100 brn\n|\n|-damage|p1a: Alomomola|66/100 psn|[from] psn\n|-damage|p2a: Raging Bolt|16/100 brn|[from] brn\n|upkeep\n|turn|19\n|\n|t:|1788280296\n|switch|p1a: Slowking|Slowking-Galar, M|64/100\n|-sideend|p1: Zuifeng|move: Toxic Spikes|[of] p1a: Slowking\n|move|p2a: Raging Bolt|Thunderbolt|p1a: Slowking\n|-damage|p1a: Slowking|0 fnt\n|faint|p1a: Slowking\n|\n|-damage|p2a: Raging Bolt|10/100 brn|[from] brn\n|upkeep\n|\n|t:|1788280303\n|switch|p1a: Dragapult|Dragapult, F|100/100\n|turn|20\n|\n|t:|1788280313\n|switch|p1a: Alomomola|Alomomola, M, tera:Fairy|99/100 psn\n|move|p2a: Raging Bolt|Thunderclap||[still]\n|-fail|p2a: Raging Bolt\n|\n|-damage|p1a: Alomomola|87/100 psn|[from] psn\n|-damage|p2a: Raging Bolt|4/100 brn|[from] brn\n|upkeep\n|turn|21\n|\n|t:|1788280317\n|move|p2a: Raging Bolt|Thunderclap|p1a: Alomomola\n|-damage|p1a: Alomomola|33/100 psn\n|move|p1a: Alomomola|Aqua Jet|p2a: Raging Bolt\n|-resisted|p2a: Raging Bolt\n|-damage|p2a: Raging Bolt|0 fnt\n|faint|p2a: Raging Bolt\n|-end|p2a: Raging Bolt|Protosynthesis|[silent]\n|\n|-damage|p1a: Alomomola|21/100 psn|[from] psn\n|upkeep\n|\n|t:|1788280319\n|switch|p2a: Ting-Lu|Ting-Lu|100/100\n|-ability|p2a: Ting-Lu|Vessel of Ruin\n|turn|22\n|j| Healboy009\n|\n|t:|1788280348\n|switch|p1a: Tornadus|Tornadus-Therian, M|100/100\n|move|p2a: Ting-Lu|Stealth Rock|p1a: Tornadus\n|-sidestart|p1: Zuifeng|move: Stealth Rock\n|\n|upkeep\n|turn|23\n|\n|t:|1788280352\n|move|p1a: Tornadus|Nasty Plot|p1a: Tornadus\n|-boost|p1a: Tornadus|spa|2\n|move|p2a: Ting-Lu|Spikes|p1a: Tornadus\n|-sidestart|p1: Zuifeng|Spikes\n|\n|upkeep\n|turn|24\n|\n|t:|1788280361\n|move|p1a: Tornadus|Focus Blast|p2a: Ting-Lu\n|-supereffective|p2a: Ting-Lu\n|-damage|p2a: Ting-Lu|26/100\n|-damage|p1a: Tornadus|91/100|[from] item: Life Orb\n|move|p2a: Ting-Lu|Whirlwind|p1a: Tornadus\n|drag|p1a: Dragapult|Dragapult, F|100/100\n|-damage|p1a: Dragapult|88/100|[from] Stealth Rock\n|-damage|p1a: Dragapult|76/100|[from] Spikes\n|\n|-heal|p2a: Ting-Lu|32/100|[from] item: Leftovers\n|upkeep\n|turn|25\n|\n|t:|1788280369\n|move|p1a: Dragapult|Dragon Darts|p2a: Ting-Lu\n|-damage|p2a: Ting-Lu|14/100\n|-anim|p1a: Dragapult|Dragon Darts|p2a: Ting-Lu\n|-damage|p2a: Ting-Lu|0 fnt\n|faint|p2a: Ting-Lu\n|\n|upkeep\n|\n|t:|1788280371\n|switch|p2a: Moltres|Moltres|100/100\n|turn|26\n|\n|t:|1788280376\n|switch|p1a: Alomomola|Alomomola, M, tera:Fairy|54/100 psn\n|-damage|p1a: Alomomola|42/100 psn|[from] Stealth Rock\n|-damage|p1a: Alomomola|30/100 psn|[from] Spikes\n|-terastallize|p2a: Moltres|Fairy\n|move|p2a: Moltres|Flamethrower|p1a: Alomomola\n|-damage|p1a: Alomomola|13/100 psn\n|\n|-damage|p1a: Alomomola|0 fnt|[from] psn\n|faint|p1a: Alomomola\n|upkeep\n|\n|t:|1788280384\n|switch|p1a: Dragapult|Dragapult, F|76/100\n|-damage|p1a: Dragapult|64/100|[from] Stealth Rock\n|-damage|p1a: Dragapult|51/100|[from] Spikes\n|turn|27\n|\n|t:|1788280387\n|move|p1a: Dragapult|Will-O-Wisp|p2a: Moltres\n|-status|p2a: Moltres|brn\n|move|p2a: Moltres|Flamethrower|p1a: Dragapult\n|-resisted|p1a: Dragapult\n|-damage|p1a: Dragapult|26/100\n|-status|p1a: Dragapult|brn\n|\n|-damage|p1a: Dragapult|20/100 brn|[from] brn\n|-damage|p2a: Moltres|94/100 brn|[from] brn\n|upkeep\n|turn|28\n|\n|t:|1788280389\n|move|p1a: Dragapult|Will-O-Wisp|p2a: Moltres\n|-fail|p2a: Moltres|brn\n|move|p2a: Moltres|Roar|p1a: Dragapult\n|drag|p1a: Tornadus|Tornadus-Therian, M|100/100\n|-damage|p1a: Tornadus|76/100|[from] Stealth Rock\n|\n|-damage|p2a: Moltres|88/100 brn|[from] brn\n|upkeep\n|turn|29\n|\n|t:|1788280413\n|move|p1a: Tornadus|Nasty Plot|p1a: Tornadus\n|-boost|p1a: Tornadus|spa|2\n|move|p2a: Moltres|Roost|p2a: Moltres\n|-heal|p2a: Moltres|100/100 brn\n|\n|-damage|p2a: Moltres|94/100 brn|[from] brn\n|upkeep\n|turn|30\n|\n|t:|1788280418\n|move|p1a: Tornadus|Bleakwind Storm|p2a: Moltres\n|-damage|p2a: Moltres|0 fnt\n|faint|p2a: Moltres\n|-damage|p1a: Tornadus|66/100|[from] item: Life Orb\n|\n|win|Zuifeng\n|raw|Zuifeng's rating: 1835 &rarr; <strong>1851</strong><br />(+16 for winning)\n|raw|chusei20's rating: 1769 &rarr; <strong>1753</strong><br />(-16 for losing)\n|l|\u2606chusei20\n|player|p2|\n|c|\u2606Zuifeng|gg\n|l|\u2606Zuifeng\n|player|p1|\n", "uploadtime": 1788280580, "views": "3", "formatid": "gen9ou", "rating": 1753, "private": 0, "password": null}