{"id": "gen9ou-2673912101", "format": "[Gen 9] OU", "players": ["Johnny tots", "Acastillo631"], "log": "|j|\u2606Johnny tots\n|j|\u2606Acastillo631\n|t:|1788276265\n|gametype|singles\n|player|p1|Johnny tots|170|1681\n|player|p2|Acastillo631|silver|1737\n|gen|9\n|tier|[Gen 9] OU\n|rated|\n|rule|HP Percentage Mod: HP is shown in percentages\n|rule|Endless Battle Clause: Forcing endless battles is banned\n|rule|Species Clause: Limit one of each Pok\u00e9mon\n|rule|OHKO Clause: OHKO moves are banned\n|rule|Evasion Items Clause: Evasion items are banned\n|rule|Evasion Moves Clause: Evasion moves are banned\n|rule|Evasion Abilities Clause: Evasion abilities are banned\n|rule|Sleep Moves Clause: Sleep-inducing moves are banned\n|clearpoke\n|poke|p1|Klefki, F|\n|poke|p1|Manaphy|\n|poke|p1|Kyurem|\n|poke|p1|Cinderace, F|\n|poke|p1|Iron Valiant|\n|poke|p1|Clefable, F|\n|poke|p2|Iron Valiant|\n|poke|p2|Sinistcha|\n|poke|p2|Klefki, F|\n|poke|p2|Iron Treads|\n|poke|p2|Tyranitar, M|\n|poke|p2|Keldeo-Resolute|\n|teampreview\n|inactive|Battle timer is ON: inactive players will automatically lose when time's up. (requested by Johnny tots)\n|\n|t:|1788276273\n|teamsize|p1|6\n|teamsize|p2|6\n|start\n|switch|p1a: Klefki|Klefki, F|100/100\n|switch|p2a: Redips|Klefki, F|100/100\n|turn|1\n|\n|t:|1788276285\n|move|p1a: Klefki|Thunder Wave|p2a: Redips\n|-status|p2a: Redips|par\n|move|p2a: Redips|Spikes|p1a: Klefki\n|-sidestart|p1: Johnny tots|Spikes\n|\n|upkeep\n|turn|2\n|j| Slashutu\n|\n|t:|1788276291\n|move|p1a: Klefki|Reflect|p1a: Klefki\n|-sidestart|p1: Johnny tots|Reflect\n|move|p2a: Redips|Thunder Wave|p1a: Klefki\n|-status|p1a: Klefki|par\n|\n|upkeep\n|turn|3\n|j| Dennis1338\n|\n|t:|1788276296\n|switch|p2a: Eregion|Tyranitar, M|100/100\n|-weather|Sandstorm|[from] ability: Sand Stream|[of] p2a: Eregion\n|move|p1a: Klefki|Light Screen|p1a: Klefki\n|-sidestart|p1: Johnny tots|move: Light Screen\n|\n|-weather|Sandstorm|[upkeep]\n|upkeep\n|turn|4\n|\n|t:|1788276298\n|switch|p1a: Clefable|Clefable, F|100/100\n|move|p2a: Eregion|Knock Off|p1a: Clefable\n|-resisted|p1a: Clefable\n|-damage|p1a: Clefable|90/100\n|-enditem|p1a: Clefable|Leftovers|[from] move: Knock Off|[of] p2a: Eregion\n|\n|-weather|Sandstorm|[upkeep]\n|upkeep\n|turn|5\n|\n|t:|1788276305\n|move|p1a: Clefable|Calm Mind|p1a: Clefable\n|-boost|p1a: Clefable|spa|1\n|-boost|p1a: Clefable|spd|1\n|move|p2a: Eregion|Roar|p1a: Clefable\n|drag|p1a: Kyurem|Kyurem|100/100\n|-damage|p1a: Kyurem|88/100|[from] Spikes\n|-ability|p1a: Kyurem|Pressure\n|\n|-weather|Sandstorm|[upkeep]\n|-damage|p1a: Kyurem|82/100|[from] Sandstorm\n|upkeep\n|turn|6\n|\n|t:|1788276309\n|switch|p1a: Clefable|Clefable, F|90/100\n|move|p2a: Eregion|Knock Off|p1a: Clefable\n|-resisted|p1a: Clefable\n|-damage|p1a: Clefable|83/100\n|\n|-weather|Sandstorm|[upkeep]\n|upkeep\n|turn|7\n|\n|t:|1788276317\n|move|p1a: Clefable|Moonblast|p2a: Eregion\n|-supereffective|p2a: Eregion\n|-damage|p2a: Eregion|66/100\n|-unboost|p2a: Eregion|spa|1\n|move|p2a: Eregion|Roar|p1a: Clefable\n|drag|p1a: Cinderace|Cinderace, F|100/100\n|\n|-weather|none\n|-heal|p2a: Eregion|72/100|[from] item: Leftovers\n|upkeep\n|turn|8\n|\n|t:|1788276324\n|switch|p1a: Clefable|Clefable, F|83/100\n|switch|p2a: Spiral Pegasus|Keldeo-Resolute|100/100\n|\n|upkeep\n|turn|9\n|\n|t:|1788276331\n|switch|p2a: Armored Armadillo|Iron Treads|100/100\n|-item|p2a: Armored Armadillo|Air Balloon\n|move|p1a: Clefable|Calm Mind|p1a: Clefable\n|-boost|p1a: Clefable|spa|1\n|-boost|p1a: Clefable|spd|1\n|\n|-sideend|p1: Johnny tots|Reflect\n|upkeep\n|turn|10\n|\n|t:|1788276336\n|move|p2a: Armored Armadillo|Earthquake|p1a: Clefable\n|-damage|p1a: Clefable|35/100\n|move|p1a: Clefable|Fire Blast|p2a: Armored Armadillo\n|-supereffective|p2a: Armored Armadillo\n|-damage|p2a: Armored Armadillo|0 fnt\n|-enditem|p2a: Armored Armadillo|Air Balloon\n|faint|p2a: Armored Armadillo\n|-end|p2a: Armored Armadillo|Quark Drive|[silent]\n|\n|-sideend|p1: Johnny tots|move: Light Screen\n|upkeep\n|inactive|Acastillo631 has 120 seconds left.\n|\n|t:|1788276383\n|switch|p2a: Redips|Klefki, F|100/100 par\n|turn|11\n|\n|t:|1788276387\n|cant|p2a: Redips|par\n|move|p1a: Clefable|Fire Blast|p2a: Redips\n|-supereffective|p2a: Redips\n|-damage|p2a: Redips|0 fnt\n|faint|p2a: Redips\n|\n|upkeep\n|inactive|Acastillo631 has 120 seconds left.\n|\n|t:|1788276393\n|switch|p2a: Spiral Pegasus|Keldeo-Resolute|100/100\n|turn|12\n|\n|t:|1788276395\n|-terastallize|p2a: Spiral Pegasus|Water\n|move|p2a: Spiral Pegasus|Surf|p1a: Clefable\n|-damage|p1a: Clefable|0 fnt\n|faint|p1a: Clefable\n|\n|upkeep\n|\n|t:|1788276408\n|switch|p1a: Klefki|Klefki, F|100/100 par\n|-damage|p1a: Klefki|88/100 par|[from] Spikes\n|turn|13\n|\n|t:|1788276412\n|cant|p1a: Klefki|par\n|move|p2a: Spiral Pegasus|Surf|p1a: Klefki\n|-damage|p1a: Klefki|17/100 par\n|\n|upkeep\n|turn|14\n|\n|t:|1788276416\n|move|p2a: Spiral Pegasus|Vacuum Wave|p1a: Klefki\n|-damage|p1a: Klefki|0 fnt\n|faint|p1a: Klefki\n|\n|upkeep\n|\n|t:|1788276419\n|switch|p1a: Kyurem|Kyurem|82/100\n|-damage|p1a: Kyurem|69/100|[from] Spikes\n|-ability|p1a: Kyurem|Pressure\n|turn|15\n|\n|t:|1788276422\n|-terastallize|p1a: Kyurem|Ghost\n|move|p2a: Spiral Pegasus|Secret Sword|p1a: Kyurem\n|-immune|p1a: Kyurem\n|move|p1a: Kyurem|Dragon Dance|p1a: Kyurem\n|-boost|p1a: Kyurem|atk|1\n|-boost|p1a: Kyurem|spe|1\n|\n|upkeep\n|turn|16\n|\n|t:|1788276429\n|move|p1a: Kyurem|Scale Shot|p2a: Spiral Pegasus\n|-damage|p2a: Spiral Pegasus|75/100\n|-damage|p2a: Spiral Pegasus|48/100\n|-damage|p2a: Spiral Pegasus|24/100\n|-damage|p2a: Spiral Pegasus|0 fnt\n|faint|p2a: Spiral Pegasus\n|-hitcount|p2: Spiral Pegasus|4\n|-unboost|p1a: Kyurem|def|1\n|-boost|p1a: Kyurem|spe|1\n|\n|upkeep\n|\n|t:|1788276435\n|switch|p2a: Sage Harpuia|Iron Valiant|100/100\n|-enditem|p2a: Sage Harpuia|Booster Energy\n|-activate|p2a: Sage Harpuia|ability: Quark Drive|[fromitem]\n|-start|p2a: Sage Harpuia|quarkdrivespe\n|turn|17\n|\n|t:|1788276438\n|move|p1a: Kyurem|Icicle Spear|p2a: Sage Harpuia\n|-damage|p2a: Sage Harpuia|70/100\n|-damage|p2a: Sage Harpuia|42/100\n|-damage|p2a: Sage Harpuia|16/100\n|-crit|p2a: Sage Harpuia\n|-damage|p2a: Sage Harpuia|0 fnt\n|faint|p2a: Sage Harpuia\n|-end|p2a: Sage Harpuia|Quark Drive|[silent]\n|-hitcount|p2: Sage Harpuia|4\n|\n|upkeep\n|-message|Acastillo631 forfeited.\n|\n|win|Johnny tots\n|raw|Johnny tots's rating: 1681 &rarr; <strong>1704</strong><br />(+23 for winning)\n|raw|Acastillo631's rating: 1737 &rarr; <strong>1714</strong><br />(-23 for losing)\n|l|\u2606Acastillo631\n|player|p2|\n|l|\u2606Johnny tots\n|player|p1|\n|l| Slashutu\n|l| Dennis1338\n", "uploadtime": 1788276641, "views": "1", "formatid": "gen9ou", "rating": 1704, "private": 0, "password": null}