{"id": "gen9ou-2674001124", "format": "[Gen 9] OU", "players": ["salmoncashew", "Khinelalala"], "log": "|j|\u2606salmoncashew\n|j|\u2606Khinelalala\n|t:|1788286791\n|gametype|singles\n|player|p1|salmoncashew|caitlin|1471\n|player|p2|Khinelalala|102|1499\n|gen|9\n|tier|[Gen 9] OU\n|rated|\n|rule|HP Percentage Mod: HP is shown in percentages\n|rule|Endless Battle Clause: Forcing endless battles is banned\n|rule|Species Clause: Limit one of each Pok\u00e9mon\n|rule|OHKO Clause: OHKO moves are banned\n|rule|Evasion Items Clause: Evasion items are banned\n|rule|Evasion Moves Clause: Evasion moves are banned\n|rule|Evasion Abilities Clause: Evasion abilities are banned\n|rule|Sleep Moves Clause: Sleep-inducing moves are banned\n|clearpoke\n|poke|p1|Landorus-Therian, M|\n|poke|p1|Weezing-Galar, F|\n|poke|p1|Ogerpon-Wellspring, F|\n|poke|p1|Alomomola, F|\n|poke|p1|Goodra, M|\n|poke|p1|Meowscarada, M|\n|poke|p2|Torkoal, F|\n|poke|p2|Walking Wake|\n|poke|p2|Venusaur, F|\n|poke|p2|Slither Wing|\n|poke|p2|Great Tusk|\n|poke|p2|Hatterene, F|\n|teampreview\n|inactive|Battle timer is ON: inactive players will automatically lose when time's up. (requested by salmoncashew)\n|\n|t:|1788286805\n|teamsize|p1|6\n|teamsize|p2|6\n|start\n|switch|p1a: Landorus|Landorus-Therian, M|100/100\n|switch|p2a: Torkoal|Torkoal, F|100/100\n|-ability|p1a: Landorus|Intimidate|boost\n|-unboost|p2a: Torkoal|atk|1\n|-weather|SunnyDay|[from] ability: Drought|[of] p2a: Torkoal\n|turn|1\n|\n|t:|1788286815\n|switch|p2a: Great Tusk|Great Tusk|100/100\n|-activate|p2a: Great Tusk|ability: Protosynthesis\n|-start|p2a: Great Tusk|protosynthesisdef\n|move|p1a: Landorus|Earth Power|p2a: Great Tusk\n|-damage|p2a: Great Tusk|52/100\n|\n|-weather|SunnyDay|[upkeep]\n|upkeep\n|turn|2\n|\n|t:|1788286829\n|move|p1a: Landorus|U-turn|p2a: Great Tusk\n|-resisted|p2a: Great Tusk\n|-damage|p2a: Great Tusk|48/100\n|-damage|p1a: Landorus|84/100|[from] item: Rocky Helmet|[of] p2a: Great Tusk\n|\n|t:|1788286836\n|switch|p1a: Ogerpon|Ogerpon-Wellspring, F|100/100|[from] U-turn\n|move|p2a: Great Tusk|Stealth Rock|p1a: Ogerpon\n|-sidestart|p1: salmoncashew|move: Stealth Rock\n|\n|-weather|SunnyDay|[upkeep]\n|upkeep\n|turn|3\n|\n|t:|1788286845\n|-end|p2a: Great Tusk|Protosynthesis|[silent]\n|switch|p2a: Slither Wing|Slither Wing|100/100\n|-activate|p2a: Slither Wing|ability: Protosynthesis\n|-start|p2a: Slither Wing|protosynthesisatk\n|move|p1a: Ogerpon|Swords Dance|p1a: Ogerpon\n|-boost|p1a: Ogerpon|atk|2\n|\n|-weather|SunnyDay|[upkeep]\n|upkeep\n|turn|4\n|\n|t:|1788286856\n|-terastallize|p1a: Ogerpon|Water\n|detailschange|p1a: Ogerpon|Ogerpon-Wellspring-Tera, F, tera:Water\n|-ability|p1a: Ogerpon|Embody Aspect (Wellspring)|boost\n|-boost|p1a: Ogerpon|spd|1\n|move|p1a: Ogerpon|Play Rough|p2a: Slither Wing\n|-supereffective|p2a: Slither Wing\n|-damage|p2a: Slither Wing|0 fnt\n|faint|p2a: Slither Wing\n|-end|p2a: Slither Wing|Protosynthesis|[silent]\n|\n|-weather|SunnyDay|[upkeep]\n|upkeep\n|\n|t:|1788286866\n|switch|p2a: Venusaur|Venusaur, F|100/100\n|turn|5\n|\n|t:|1788286872\n|switch|p1a: Goodra|Goodra, M|100/100\n|-damage|p1a: Goodra|88/100|[from] Stealth Rock\n|move|p2a: Venusaur|Growth|p2a: Venusaur\n|-boost|p2a: Venusaur|atk|2\n|-boost|p2a: Venusaur|spa|2\n|\n|-weather|SunnyDay|[upkeep]\n|upkeep\n|turn|6\n|\n|t:|1788286878\n|move|p2a: Venusaur|Earthquake|p1a: Goodra\n|-damage|p1a: Goodra|21/100\n|-damage|p2a: Venusaur|91/100|[from] item: Life Orb\n|move|p1a: Goodra|Flamethrower|p2a: Venusaur\n|-supereffective|p2a: Venusaur\n|-damage|p2a: Venusaur|0 fnt\n|faint|p2a: Venusaur\n|\n|-weather|SunnyDay|[upkeep]\n|upkeep\n|\n|t:|1788286882\n|switch|p2a: Walking Wake|Walking Wake|100/100\n|-activate|p2a: Walking Wake|ability: Protosynthesis\n|-start|p2a: Walking Wake|protosynthesisspa\n|turn|7\n|\n|t:|1788286886\n|switch|p1a: Weezing|Weezing-Galar, F|100/100\n|-ability|p1a: Weezing|Neutralizing Gas\n|-damage|p1a: Weezing|88/100|[from] Stealth Rock\n|move|p2a: Walking Wake|Weather Ball|p1a: Weezing\n|-damage|p1a: Weezing|14/100\n|\n|-weather|SunnyDay|[upkeep]\n|-heal|p1a: Weezing|20/100|[from] item: Leftovers\n|upkeep\n|turn|8\n|\n|t:|1788286893\n|move|p2a: Walking Wake|Weather Ball|p1a: Weezing\n|-damage|p1a: Weezing|0 fnt\n|faint|p1a: Weezing\n|-end|p1a: Weezing|ability: Neutralizing Gas\n|\n|-weather|none\n|-end|p2a: Walking Wake|Protosynthesis\n|upkeep\n|\n|t:|1788286896\n|switch|p1a: Ogerpon|Ogerpon-Wellspring-Tera, F, tera:Water|100/100\n|-damage|p1a: Ogerpon|88/100|[from] Stealth Rock\n|-ability|p1a: Ogerpon|Embody Aspect (Wellspring)|boost\n|-boost|p1a: Ogerpon|spd|1\n|turn|9\n|\n|t:|1788286908\n|-end|p2a: Walking Wake|Protosynthesis|[silent]\n|switch|p2a: Torkoal|Torkoal, F|100/100\n|-weather|SunnyDay|[from] ability: Drought|[of] p2a: Torkoal\n|move|p1a: Ogerpon|Swords Dance|p1a: Ogerpon\n|-boost|p1a: Ogerpon|atk|2\n|\n|-weather|SunnyDay|[upkeep]\n|upkeep\n|turn|10\n|\n|t:|1788286914\n|move|p1a: Ogerpon|Ivy Cudgel|p2a: Torkoal|[anim] Ivy Cudgel Water\n|-supereffective|p2a: Torkoal\n|-damage|p2a: Torkoal|18/100\n|move|p2a: Torkoal|Will-O-Wisp|p1a: Ogerpon|[miss]\n|-miss|p2a: Torkoal|p1a: Ogerpon\n|\n|-weather|SunnyDay|[upkeep]\n|upkeep\n|turn|11\n|\n|t:|1788286919\n|move|p1a: Ogerpon|Horn Leech|p2a: Torkoal\n|-resisted|p2a: Torkoal\n|-damage|p2a: Torkoal|0 fnt\n|-heal|p1a: Ogerpon|98/100|[from] drain|[of] p2a: Torkoal\n|faint|p2a: Torkoal\n|\n|-weather|SunnyDay|[upkeep]\n|upkeep\n|\n|t:|1788286924\n|switch|p2a: Walking Wake|Walking Wake|100/100\n|-activate|p2a: Walking Wake|ability: Protosynthesis\n|-start|p2a: Walking Wake|protosynthesisspa\n|turn|12\n|\n|t:|1788286932\n|-terastallize|p2a: Walking Wake|Water\n|move|p1a: Ogerpon|Play Rough|p2a: Walking Wake\n|-crit|p2a: Walking Wake\n|-damage|p2a: Walking Wake|0 fnt\n|faint|p2a: Walking Wake\n|-end|p2a: Walking Wake|Protosynthesis|[silent]\n|\n|-weather|SunnyDay|[upkeep]\n|upkeep\n|-message|Khinelalala forfeited.\n|\n|win|salmoncashew\n|raw|salmoncashew's rating: 1471 &rarr; <strong>1493</strong><br />(+22 for winning)\n|raw|Khinelalala's rating: 1499 &rarr; <strong>1477</strong><br />(-22 for losing)\n|l|\u2606Khinelalala\n|player|p2|\n|l|\u2606salmoncashew\n|player|p1|\n", "uploadtime": 1788287108, "views": "0", "formatid": "gen9ou", "rating": 1477, "private": 0, "password": null}