{"id": "gen9ou-2673951750", "format": "[Gen 9] OU", "players": ["McBlicken", "dubiousnucleus"], "log": "|j|\u2606McBlicken\n|j|\u2606dubiousnucleus\n|t:|1788281041\n|gametype|singles\n|player|p1|McBlicken|smasher|1369\n|player|p2|dubiousnucleus|roughneck|1426\n|gen|9\n|tier|[Gen 9] OU\n|rated|\n|rule|HP Percentage Mod: HP is shown in percentages\n|rule|Endless Battle Clause: Forcing endless battles is banned\n|rule|Species Clause: Limit one of each Pok\u00e9mon\n|rule|OHKO Clause: OHKO moves are banned\n|rule|Evasion Items Clause: Evasion items are banned\n|rule|Evasion Moves Clause: Evasion moves are banned\n|rule|Evasion Abilities Clause: Evasion abilities are banned\n|rule|Sleep Moves Clause: Sleep-inducing moves are banned\n|clearpoke\n|poke|p1|Weezing-Galar, M|\n|poke|p1|Gliscor, M|\n|poke|p1|Hydrapple, M|\n|poke|p1|Volcanion|\n|poke|p1|Great Tusk|\n|poke|p1|Hoopa-Unbound|\n|poke|p2|Tyranitar, M|\n|poke|p2|Excadrill, F|\n|poke|p2|Garchomp, M|\n|poke|p2|Zamazenta-*|\n|poke|p2|Moltres|\n|poke|p2|Slowking-Galar, F|\n|teampreview\n|inactive|Battle timer is ON: inactive players will automatically lose when time's up. (requested by McBlicken)\n|\n|t:|1788281054\n|teamsize|p1|6\n|teamsize|p2|6\n|start\n|switch|p1a: Weezing|Weezing-Galar, M|100/100\n|switch|p2a: Slowking|Slowking-Galar, F|100/100\n|-ability|p1a: Weezing|Neutralizing Gas\n|turn|1\n|\n|t:|1788281059\n|move|p1a: Weezing|Will-O-Wisp|p2a: Slowking\n|-status|p2a: Slowking|brn\n|move|p2a: Slowking|Future Sight|p1a: Weezing\n|-start|p2a: Slowking|move: Future Sight\n|\n|-damage|p2a: Slowking|94/100 brn|[from] brn\n|upkeep\n|turn|2\n|\n|t:|1788281068\n|-end|p1a: Weezing|ability: Neutralizing Gas\n|switch|p1a: Hoopa|Hoopa-Unbound|100/100\n|-prepare|p2a: Slowking|Chilly Reception|[premajor]\n|move|p2a: Slowking|Chilly Reception|p2a: Slowking\n|-weather|Snowscape\n|\n|t:|1788281083\n|switch|p2a: Moltres|Moltres|100/100|[from] Chilly Reception\n|\n|-weather|Snowscape|[upkeep]\n|upkeep\n|turn|3\n|\n|t:|1788281092\n|switch|p1a: Volcanion|Volcanion|100/100\n|move|p2a: Moltres|Will-O-Wisp|p1a: Volcanion\n|-immune|p1a: Volcanion\n|\n|-weather|Snowscape|[upkeep]\n|-end|p1a: Volcanion|move: Future Sight\n|-damage|p1a: Volcanion|53/100\n|upkeep\n|turn|4\n|\n|t:|1788281107\n|switch|p2a: Slowking|Slowking-Galar, F|100/100 brn\n|move|p1a: Volcanion|Steam Eruption|p2a: Slowking\n|-damage|p2a: Slowking|66/100 brn\n|\n|-weather|Snowscape|[upkeep]\n|-damage|p2a: Slowking|60/100 brn|[from] brn\n|upkeep\n|turn|5\n|\n|t:|1788281115\n|move|p1a: Volcanion|Steam Eruption|p2a: Slowking\n|-damage|p2a: Slowking|25/100 brn\n|move|p2a: Slowking|Future Sight|p1a: Volcanion\n|-start|p2a: Slowking|move: Future Sight\n|\n|-weather|Snowscape|[upkeep]\n|-damage|p2a: Slowking|19/100 brn|[from] brn\n|upkeep\n|turn|6\n|\n|t:|1788281144\n|switch|p2a: Tyranitar|Tyranitar, M|100/100\n|-weather|Sandstorm|[from] ability: Sand Stream|[of] p2a: Tyranitar\n|move|p1a: Volcanion|Flamethrower|p2a: Tyranitar\n|-resisted|p2a: Tyranitar\n|-damage|p2a: Tyranitar|89/100\n|\n|-weather|Sandstorm|[upkeep]\n|-damage|p1a: Volcanion|47/100|[from] Sandstorm\n|upkeep\n|turn|7\n|\n|t:|1788281155\n|move|p1a: Volcanion|Will-O-Wisp|p2a: Tyranitar\n|-status|p2a: Tyranitar|brn\n|move|p2a: Tyranitar|Stealth Rock|p1a: Volcanion\n|-sidestart|p1: McBlicken|move: Stealth Rock\n|\n|-weather|Sandstorm|[upkeep]\n|-damage|p1a: Volcanion|41/100|[from] Sandstorm\n|-end|p1a: Volcanion|move: Future Sight\n|-damage|p1a: Volcanion|0 fnt\n|faint|p1a: Volcanion\n|-damage|p2a: Tyranitar|83/100 brn|[from] brn\n|upkeep\n|\n|t:|1788281159\n|switch|p1a: Great Tusk|Great Tusk|100/100\n|turn|8\n|\n|t:|1788281165\n|move|p1a: Great Tusk|Rapid Spin|p2a: Tyranitar\n|-resisted|p2a: Tyranitar\n|-damage|p2a: Tyranitar|76/100 brn\n|-boost|p1a: Great Tusk|spe|1\n|-sideend|p1: McBlicken|Stealth Rock|[from] move: Rapid Spin|[of] p1a: Great Tusk\n|move|p2a: Tyranitar|Ice Beam|p1a: Great Tusk\n|-supereffective|p1a: Great Tusk\n|-crit|p1a: Great Tusk\n|-damage|p1a: Great Tusk|27/100\n|\n|-weather|Sandstorm|[upkeep]\n|-damage|p2a: Tyranitar|70/100 brn|[from] brn\n|upkeep\n|turn|9\n|\n|t:|1788281172\n|-terastallize|p2a: Tyranitar|Flying\n|move|p1a: Great Tusk|Headlong Rush|p2a: Tyranitar\n|-immune|p2a: Tyranitar\n|move|p2a: Tyranitar|Ice Beam|p1a: Great Tusk\n|-supereffective|p1a: Great Tusk\n|-damage|p1a: Great Tusk|0 fnt\n|faint|p1a: Great Tusk\n|-end|p1a: Great Tusk|Protosynthesis|[silent]\n|\n|-weather|Sandstorm|[upkeep]\n|-damage|p2a: Tyranitar|63/100 brn|[from] Sandstorm\n|-damage|p2a: Tyranitar|57/100 brn|[from] brn\n|upkeep\n|\n|t:|1788281181\n|switch|p1a: Hoopa|Hoopa-Unbound|100/100\n|turn|10\n|\n|t:|1788281205\n|move|p1a: Hoopa|Thunderbolt|p2a: Tyranitar\n|-supereffective|p2a: Tyranitar\n|-damage|p2a: Tyranitar|18/100 brn\n|move|p2a: Tyranitar|Knock Off|p1a: Hoopa\n|-damage|p1a: Hoopa|57/100\n|-enditem|p1a: Hoopa|Choice Scarf|[from] move: Knock Off|[of] p2a: Tyranitar\n|\n|-weather|Sandstorm|[upkeep]\n|-damage|p1a: Hoopa|51/100|[from] Sandstorm\n|-damage|p2a: Tyranitar|11/100 brn|[from] Sandstorm\n|-damage|p2a: Tyranitar|5/100 brn|[from] brn\n|upkeep\n|turn|11\n|\n|t:|1788281208\n|move|p1a: Hoopa|Thunderbolt|p2a: Tyranitar\n|-supereffective|p2a: Tyranitar\n|-damage|p2a: Tyranitar|0 fnt\n|faint|p2a: Tyranitar\n|-item|p1a: Hoopa|Smooth Rock|[from] ability: Magician|[of] p2: Tyranitar\n|\n|-weather|Sandstorm|[upkeep]\n|-damage|p1a: Hoopa|45/100|[from] Sandstorm\n|upkeep\n|\n|t:|1788281214\n|switch|p2a: Excadrill|Excadrill, F|100/100\n|-item|p2a: Excadrill|Air Balloon\n|turn|12\n|l|\u2606McBlicken\n|inactive|McBlicken disconnected and has a minute to reconnect!\n|player|p1|\n|j|\u2606McBlicken\n|inactive|McBlicken reconnected and has 140 seconds left.\n|player|p1|McBlicken|smasher|\n|\n|t:|1788281227\n|move|p2a: Excadrill|Earthquake|p1a: Hoopa\n|-damage|p1a: Hoopa|0 fnt\n|faint|p1a: Hoopa\n|\n|-weather|Sandstorm|[upkeep]\n|upkeep\n|\n|t:|1788281232\n|switch|p1a: Hydrapple|Hydrapple, M|100/100\n|turn|13\n|\n|t:|1788281258\n|move|p2a: Excadrill|Rock Slide|p1a: Hydrapple\n|-damage|p1a: Hydrapple|85/100\n|move|p1a: Hydrapple|Dragon Tail|p2a: Excadrill\n|-resisted|p2a: Excadrill\n|-damage|p2a: Excadrill|87/100\n|-enditem|p2a: Excadrill|Air Balloon\n|drag|p2a: Moltres|Moltres|100/100\n|\n|-weather|none\n|upkeep\n|turn|14\n|\n|t:|1788281269\n|move|p2a: Moltres|U-turn|p1a: Hydrapple\n|-supereffective|p1a: Hydrapple\n|-damage|p1a: Hydrapple|68/100\n|-damage|p2a: Moltres|84/100|[from] item: Rocky Helmet|[of] p1a: Hydrapple\n|inactive|dubiousnucleus has 120 seconds left.\n|\n|t:|1788281286\n|switch|p2a: Slowking|Slowking-Galar, F|52/100 brn|[from] U-turn\n|move|p1a: Hydrapple|Fickle Beam|p2a: Slowking\n|-damage|p2a: Slowking|34/100 brn\n|\n|-damage|p2a: Slowking|28/100 brn|[from] brn\n|upkeep\n|turn|15\n|inactive|dubiousnucleus has 120 seconds left.\n|\n|t:|1788281294\n|move|p1a: Hydrapple|Earth Power|p2a: Slowking\n|-supereffective|p2a: Slowking\n|-damage|p2a: Slowking|0 fnt\n|faint|p2a: Slowking\n|\n|upkeep\n|inactive|dubiousnucleus has 120 seconds left.\n|\n|t:|1788281303\n|switch|p2a: Zamazenta|Zamazenta|100/100\n|-ability|p2a: Zamazenta|Dauntless Shield|boost\n|-boost|p2a: Zamazenta|def|1\n|turn|16\n|\n|t:|1788281309\n|move|p2a: Zamazenta|Body Press|p1a: Hydrapple\n|-damage|p1a: Hydrapple|40/100\n|-damage|p2a: Zamazenta|84/100|[from] item: Rocky Helmet|[of] p1a: Hydrapple\n|move|p1a: Hydrapple|Dragon Tail|p2a: Zamazenta\n|-damage|p2a: Zamazenta|75/100\n|drag|p2a: Garchomp|Garchomp, M|100/100\n|\n|upkeep\n|turn|17\n|inactive|dubiousnucleus has 120 seconds left.\n|\n|t:|1788281346\n|move|p2a: Garchomp|Stealth Rock|p1a: Hydrapple\n|-sidestart|p1: McBlicken|move: Stealth Rock\n|move|p1a: Hydrapple|Recover|p1a: Hydrapple\n|-heal|p1a: Hydrapple|90/100\n|\n|upkeep\n|turn|18\n|\n|t:|1788281350\n|move|p2a: Garchomp|Spikes|p1a: Hydrapple\n|-sidestart|p1: McBlicken|Spikes\n|move|p1a: Hydrapple|Fickle Beam|p2a: Garchomp\n|-supereffective|p2a: Garchomp\n|-damage|p2a: Garchomp|39/100\n|\n|upkeep\n|turn|19\n|inactive|dubiousnucleus has 120 seconds left.\n|\n|t:|1788281362\n|switch|p2a: Zamazenta|Zamazenta|75/100\n|move|p1a: Hydrapple|Fickle Beam|p2a: Zamazenta|[anim] Fickle Beam All Out\n|-activate|p1a: Hydrapple|move: Fickle Beam\n|-damage|p2a: Zamazenta|28/100\n|\n|-heal|p2a: Zamazenta|34/100|[from] item: Leftovers\n|upkeep\n|turn|20\n|\n|t:|1788281366\n|move|p2a: Zamazenta|Crunch|p1a: Hydrapple\n|-damage|p1a: Hydrapple|79/100\n|-damage|p2a: Zamazenta|18/100|[from] item: Rocky Helmet|[of] p1a: Hydrapple\n|move|p1a: Hydrapple|Fickle Beam|p2a: Zamazenta|[anim] Fickle Beam All Out\n|-activate|p1a: Hydrapple|move: Fickle Beam\n|-damage|p2a: Zamazenta|0 fnt\n|faint|p2a: Zamazenta\n|\n|upkeep\n|\n|t:|1788281371\n|switch|p2a: Garchomp|Garchomp, M|39/100\n|turn|21\n|\n|t:|1788281372\n|move|p1a: Hydrapple|Fickle Beam|p2a: Garchomp|[anim] Fickle Beam All Out\n|-activate|p1a: Hydrapple|move: Fickle Beam\n|-supereffective|p2a: Garchomp\n|-damage|p2a: Garchomp|0 fnt\n|faint|p2a: Garchomp\n|\n|upkeep\n|\n|t:|1788281373\n|switch|p2a: Moltres|Moltres|84/100\n|turn|22\n|\n|t:|1788281376\n|move|p2a: Moltres|Flamethrower|p1a: Hydrapple\n|-damage|p1a: Hydrapple|44/100\n|move|p1a: Hydrapple|Fickle Beam|p2a: Moltres\n|-damage|p2a: Moltres|48/100\n|\n|upkeep\n|turn|23\n|\n|t:|1788281380\n|move|p2a: Moltres|Flamethrower|p1a: Hydrapple\n|-damage|p1a: Hydrapple|9/100\n|move|p1a: Hydrapple|Recover|p1a: Hydrapple\n|-heal|p1a: Hydrapple|59/100\n|\n|upkeep\n|turn|24\n|\n|t:|1788281382\n|move|p2a: Moltres|Flamethrower|p1a: Hydrapple\n|-damage|p1a: Hydrapple|20/100\n|move|p1a: Hydrapple|Fickle Beam|p2a: Moltres\n|-crit|p2a: Moltres\n|-damage|p2a: Moltres|0 fnt\n|faint|p2a: Moltres\n|\n|upkeep\n|\n|t:|1788281385\n|switch|p2a: Excadrill|Excadrill, F|87/100\n|turn|25\n|\n|t:|1788281389\n|move|p2a: Excadrill|Swords Dance|p2a: Excadrill\n|-boost|p2a: Excadrill|atk|2\n|move|p1a: Hydrapple|Recover|p1a: Hydrapple\n|-heal|p1a: Hydrapple|70/100\n|\n|upkeep\n|turn|26\n|\n|t:|1788281391\n|move|p2a: Excadrill|Rock Slide|p1a: Hydrapple\n|-damage|p1a: Hydrapple|39/100\n|move|p1a: Hydrapple|Earth Power|p2a: Excadrill\n|-supereffective|p2a: Excadrill\n|-damage|p2a: Excadrill|19/100\n|\n|upkeep\n|turn|27\n|\n|t:|1788281394\n|move|p2a: Excadrill|Rock Slide|p1a: Hydrapple\n|-damage|p1a: Hydrapple|6/100\n|move|p1a: Hydrapple|Earth Power|p2a: Excadrill\n|-supereffective|p2a: Excadrill\n|-damage|p2a: Excadrill|0 fnt\n|faint|p2a: Excadrill\n|\n|win|McBlicken\n|raw|McBlicken's rating: 1369 &rarr; <strong>1392</strong><br />(+23 for winning)\n|raw|dubiousnucleus's rating: 1426 &rarr; <strong>1403</strong><br />(-23 for losing)\n|l|\u2606dubiousnucleus\n|player|p2|\n|c|\u2606McBlicken|lol\n", "uploadtime": 1788281403, "views": "0", "formatid": "gen9ou", "rating": 1392, "private": 0, "password": null}