{"id": "gen9ou-2674029515", "format": "[Gen 9] OU", "players": ["lukas441", "Flinger finger"], "log": "|j|\u2606lukas441\n|j|\u2606Flinger finger\n|t:|1788290145\n|gametype|singles\n|player|p1|lukas441|170|1465\n|player|p2|Flinger finger|169|1521\n|gen|9\n|tier|[Gen 9] OU\n|rated|\n|rule|HP Percentage Mod: HP is shown in percentages\n|rule|Endless Battle Clause: Forcing endless battles is banned\n|rule|Species Clause: Limit one of each Pok\u00e9mon\n|rule|OHKO Clause: OHKO moves are banned\n|rule|Evasion Items Clause: Evasion items are banned\n|rule|Evasion Moves Clause: Evasion moves are banned\n|rule|Evasion Abilities Clause: Evasion abilities are banned\n|rule|Sleep Moves Clause: Sleep-inducing moves are banned\n|clearpoke\n|poke|p1|Breloom, F|\n|poke|p1|Araquanid, M|\n|poke|p1|Gholdengo|\n|poke|p1|Darkrai|\n|poke|p1|Landorus-Therian, M|\n|poke|p1|Great Tusk|\n|poke|p2|Dragonite, M|\n|poke|p2|Great Tusk|\n|poke|p2|Deoxys-Speed|\n|poke|p2|Gholdengo|\n|poke|p2|Zamazenta-*|\n|poke|p2|Iron Valiant|\n|teampreview\n|inactive|Battle timer is ON: inactive players will automatically lose when time's up. (requested by lukas441)\n|\n|t:|1788290153\n|teamsize|p1|6\n|teamsize|p2|6\n|start\n|switch|p1a: Araquanid|Araquanid, M|100/100\n|switch|p2a: Deoxys|Deoxys-Speed|100/100\n|-ability|p2a: Deoxys|Pressure\n|turn|1\n|\n|t:|1788290168\n|move|p2a: Deoxys|Stealth Rock|p1a: Araquanid\n|-sidestart|p1: lukas441|move: Stealth Rock\n|move|p1a: Araquanid|Sticky Web|p2a: Deoxys\n|-sidestart|p2: Flinger finger|move: Sticky Web\n|\n|upkeep\n|turn|2\n|\n|t:|1788290171\n|move|p2a: Deoxys|Spikes|p1a: Araquanid\n|-sidestart|p1: lukas441|Spikes\n|move|p1a: Araquanid|Surf|p2a: Deoxys\n|-damage|p2a: Deoxys|36/100\n|\n|upkeep\n|turn|3\n|\n|t:|1788290177\n|move|p2a: Deoxys|Spikes|p1a: Araquanid\n|-sidestart|p1: lukas441|Spikes\n|move|p1a: Araquanid|Surf|p2a: Deoxys\n|-damage|p2a: Deoxys|0 fnt\n|faint|p2a: Deoxys\n|\n|upkeep\n|\n|t:|1788290183\n|switch|p2a: Dragonite|Dragonite, M|100/100\n|turn|4\n|\n|t:|1788290195\n|switch|p1a: Landorus|Landorus-Therian, M|100/100\n|-damage|p1a: Landorus|88/100|[from] Stealth Rock\n|-ability|p1a: Landorus|Intimidate|boost\n|-unboost|p2a: Dragonite|atk|1\n|move|p2a: Dragonite|Dragon Dance|p2a: Dragonite\n|-boost|p2a: Dragonite|atk|1\n|-boost|p2a: Dragonite|spe|1\n|\n|upkeep\n|turn|5\n|\n|t:|1788290200\n|move|p2a: Dragonite|Dragon Dance|p2a: Dragonite\n|-boost|p2a: Dragonite|atk|1\n|-boost|p2a: Dragonite|spe|1\n|move|p1a: Landorus|Taunt|p2a: Dragonite\n|-start|p2a: Dragonite|move: Taunt\n|\n|upkeep\n|turn|6\n|\n|t:|1788290207\n|move|p2a: Dragonite|Outrage|p1a: Landorus\n|-damage|p1a: Landorus|0 fnt\n|-damage|p2a: Dragonite|84/100|[from] item: Rocky Helmet|[of] p1a: Landorus\n|faint|p1a: Landorus\n|-damage|p2a: Dragonite|74/100|[from] item: Life Orb\n|\n|upkeep\n|\n|t:|1788290225\n|switch|p1a: Gholdengo|Gholdengo|100/100\n|-damage|p1a: Gholdengo|94/100|[from] Stealth Rock\n|-item|p1a: Gholdengo|Air Balloon\n|turn|7\n|\n|t:|1788290229\n|-terastallize|p1a: Gholdengo|Fairy\n|move|p2a: Dragonite|Outrage|p1a: Gholdengo|[from] lockedmove\n|-immune|p1a: Gholdengo\n|move|p1a: Gholdengo|Make It Rain|p2a: Dragonite\n|-damage|p2a: Dragonite|18/100\n|-unboost|p1a: Gholdengo|spa|1\n|\n|upkeep\n|turn|8\n|\n|t:|1788290249\n|move|p2a: Dragonite|Extreme Speed|p1a: Gholdengo\n|-damage|p1a: Gholdengo|53/100\n|-enditem|p1a: Gholdengo|Air Balloon\n|-damage|p2a: Dragonite|9/100|[from] item: Life Orb\n|move|p1a: Gholdengo|Shadow Ball|p2a: Dragonite\n|-damage|p2a: Dragonite|0 fnt\n|faint|p2a: Dragonite\n|\n|upkeep\n|\n|t:|1788290262\n|switch|p2a: Gholdengo|Gholdengo|100/100\n|-activate|p2a: Gholdengo|move: Sticky Web\n|-unboost|p2a: Gholdengo|spe|1\n|turn|9\n|\n|t:|1788290275\n|move|p1a: Gholdengo|Shadow Ball|p2a: Gholdengo\n|-supereffective|p2a: Gholdengo\n|-damage|p2a: Gholdengo|54/100\n|move|p2a: Gholdengo|Make It Rain|p1a: Gholdengo\n|-supereffective|p1a: Gholdengo\n|-damage|p1a: Gholdengo|0 fnt\n|-unboost|p2a: Gholdengo|spa|1\n|faint|p1a: Gholdengo\n|\n|upkeep\n|inactive|lukas441 has 120 seconds left.\n|\n|t:|1788290317\n|switch|p1a: Breloom|Breloom, F|100/100\n|-damage|p1a: Breloom|94/100|[from] Stealth Rock\n|-damage|p1a: Breloom|78/100|[from] Spikes\n|turn|10\n|inactive|Flinger finger has 120 seconds left.\n|\n|t:|1788290348\n|move|p1a: Breloom|Swords Dance|p1a: Breloom\n|-boost|p1a: Breloom|atk|2\n|move|p2a: Gholdengo|Make It Rain|p1a: Breloom\n|-damage|p1a: Breloom|0 fnt\n|-unboost|p2a: Gholdengo|spa|1\n|faint|p1a: Breloom\n|\n|upkeep\n|\n|t:|1788290363\n|switch|p1a: Araquanid|Araquanid, M|100/100\n|-damage|p1a: Araquanid|75/100|[from] Stealth Rock\n|-damage|p1a: Araquanid|59/100|[from] Spikes\n|turn|11\n|inactive|Flinger finger has 120 seconds left.\n|\n|t:|1788290369\n|move|p2a: Gholdengo|Shadow Ball|p1a: Araquanid\n|-damage|p1a: Araquanid|43/100\n|move|p1a: Araquanid|Surf|p2a: Gholdengo\n|-damage|p2a: Gholdengo|0 fnt\n|faint|p2a: Gholdengo\n|\n|upkeep\n|inactive|Flinger finger has 120 seconds left.\n|inactive|Flinger finger has 90 seconds left.\n|\n|t:|1788290419\n|switch|p2a: Zamazenta|Zamazenta|100/100\n|-activate|p2a: Zamazenta|move: Sticky Web\n|-unboost|p2a: Zamazenta|spe|1\n|-ability|p2a: Zamazenta|Dauntless Shield|boost\n|-boost|p2a: Zamazenta|def|1\n|turn|12\n|\n|t:|1788290427\n|move|p2a: Zamazenta|Close Combat|p1a: Araquanid\n|-resisted|p1a: Araquanid\n|-damage|p1a: Araquanid|3/100\n|-unboost|p2a: Zamazenta|def|1\n|-unboost|p2a: Zamazenta|spd|1\n|-damage|p2a: Zamazenta|91/100|[from] item: Life Orb\n|move|p1a: Araquanid|Surf|p2a: Zamazenta\n|-damage|p2a: Zamazenta|14/100\n|\n|upkeep\n|turn|13\n|-enditem|p1a: Araquanid|Custap Berry|[eat]\n|-activate|p1a: Araquanid|item: Custap Berry|[consumed]\n|\n|t:|1788290432\n|move|p1a: Araquanid|Surf|p2a: Zamazenta\n|-damage|p2a: Zamazenta|0 fnt\n|faint|p2a: Zamazenta\n|\n|upkeep\n|\n|t:|1788290437\n|switch|p2a: Iron Valiant|Iron Valiant|100/100\n|-activate|p2a: Iron Valiant|move: Sticky Web\n|-unboost|p2a: Iron Valiant|spe|1\n|-enditem|p2a: Iron Valiant|Booster Energy\n|-activate|p2a: Iron Valiant|ability: Quark Drive|[fromitem]\n|-start|p2a: Iron Valiant|quarkdrivespa\n|turn|14\n|\n|t:|1788290440\n|move|p2a: Iron Valiant|Moonblast|p1a: Araquanid\n|-damage|p1a: Araquanid|0 fnt\n|faint|p1a: Araquanid\n|\n|upkeep\n|\n|t:|1788290458\n|switch|p1a: Great Tusk|Great Tusk|100/100\n|turn|15\n|inactive|Flinger finger has 120 seconds left.\n|\n|t:|1788290468\n|move|p1a: Great Tusk|Headlong Rush|p2a: Iron Valiant\n|-damage|p2a: Iron Valiant|21/100\n|-unboost|p1a: Great Tusk|def|1\n|-unboost|p1a: Great Tusk|spd|1\n|move|p2a: Iron Valiant|Moonblast|p1a: Great Tusk\n|-supereffective|p1a: Great Tusk\n|-damage|p1a: Great Tusk|0 fnt\n|faint|p1a: Great Tusk\n|-end|p1a: Great Tusk|Protosynthesis|[silent]\n|\n|upkeep\n|\n|t:|1788290470\n|switch|p1a: Darkrai|Darkrai|100/100\n|-damage|p1a: Darkrai|88/100|[from] Stealth Rock\n|-damage|p1a: Darkrai|72/100|[from] Spikes\n|turn|16\n|\n|t:|1788290474\n|move|p1a: Darkrai|Dark Pulse|p2a: Iron Valiant\n|-resisted|p2a: Iron Valiant\n|-damage|p2a: Iron Valiant|0 fnt\n|faint|p2a: Iron Valiant\n|-end|p2a: Iron Valiant|Quark Drive|[silent]\n|\n|upkeep\n|\n|t:|1788290476\n|switch|p2a: Great Tusk|Great Tusk|100/100\n|-activate|p2a: Great Tusk|move: Sticky Web\n|-unboost|p2a: Great Tusk|spe|1\n|-enditem|p2a: Great Tusk|Booster Energy\n|-activate|p2a: Great Tusk|ability: Protosynthesis|[fromitem]\n|-start|p2a: Great Tusk|protosynthesisatk\n|turn|17\n|\n|t:|1788290483\n|-terastallize|p2a: Great Tusk|Ghost\n|move|p1a: Darkrai|Ice Beam|p2a: Great Tusk\n|-damage|p2a: Great Tusk|57/100\n|-status|p2a: Great Tusk|frz\n|-curestatus|p2a: Great Tusk|frz|[msg]\n|move|p2a: Great Tusk|Headlong Rush|p1a: Darkrai\n|-damage|p1a: Darkrai|0 fnt\n|-unboost|p2a: Great Tusk|def|1\n|-unboost|p2a: Great Tusk|spd|1\n|faint|p1a: Darkrai\n|\n|win|Flinger finger\n|raw|lukas441's rating: 1465 &rarr; <strong>1448</strong><br />(-17 for losing)\n|raw|Flinger finger's rating: 1521 &rarr; <strong>1538</strong><br />(+17 for winning)\n|l|\u2606lukas441\n|player|p1|\n|c|\u2606Flinger finger|Gg\n", "uploadtime": 1788290499, "views": "0", "formatid": "gen9ou", "rating": 1448, "private": 0, "password": null}