{"id": "gen9ou-2674050554", "format": "[Gen 9] OU", "players": ["whyudodoe", "kangarooteam1"], "log": "|j|\u2606whyudodoe\n|j|\u2606kangarooteam1\n|t:|1788292657\n|gametype|singles\n|player|p1|whyudodoe|1|1670\n|player|p2|kangarooteam1|1|1725\n|gen|9\n|tier|[Gen 9] OU\n|rated|\n|rule|HP Percentage Mod: HP is shown in percentages\n|rule|Endless Battle Clause: Forcing endless battles is banned\n|rule|Species Clause: Limit one of each Pok\u00e9mon\n|rule|OHKO Clause: OHKO moves are banned\n|rule|Evasion Items Clause: Evasion items are banned\n|rule|Evasion Moves Clause: Evasion moves are banned\n|rule|Evasion Abilities Clause: Evasion abilities are banned\n|rule|Sleep Moves Clause: Sleep-inducing moves are banned\n|clearpoke\n|poke|p1|Moltres|\n|poke|p1|Dragapult, M|\n|poke|p1|Iron Thorns|\n|poke|p1|Great Tusk|\n|poke|p1|Pecharunt|\n|poke|p1|Lokix, F|\n|poke|p2|Great Tusk|\n|poke|p2|Gholdengo|\n|poke|p2|Raging Bolt|\n|poke|p2|Iron Valiant|\n|poke|p2|Ogerpon-Wellspring, F|\n|poke|p2|Kingambit, M|\n|teampreview\n|inactive|Battle timer is ON: inactive players will automatically lose when time's up. (requested by kangarooteam1)\n|\n|t:|1788292679\n|teamsize|p1|6\n|teamsize|p2|6\n|start\n|switch|p1a: Pecharunt|Pecharunt|100/100\n|switch|p2a: Raging Bolt|Raging Bolt|100/100\n|turn|1\n|\n|t:|1788292686\n|move|p1a: Pecharunt|Malignant Chain|p2a: Raging Bolt\n|-damage|p2a: Raging Bolt|67/100\n|move|p2a: Raging Bolt|Dragon Pulse|p1a: Pecharunt\n|-damage|p1a: Pecharunt|43/100\n|\n|-heal|p2a: Raging Bolt|73/100|[from] item: Leftovers\n|upkeep\n|turn|2\n|\n|t:|1788292691\n|move|p1a: Pecharunt|Malignant Chain|p2a: Raging Bolt\n|-damage|p2a: Raging Bolt|44/100\n|move|p2a: Raging Bolt|Dragon Pulse|p1a: Pecharunt\n|-damage|p1a: Pecharunt|0 fnt\n|faint|p1a: Pecharunt\n|\n|-heal|p2a: Raging Bolt|50/100|[from] item: Leftovers\n|upkeep\n|\n|t:|1788292696\n|switch|p1a: Iron Thorns|Iron Thorns|100/100\n|-enditem|p1a: Iron Thorns|Booster Energy\n|-activate|p1a: Iron Thorns|ability: Quark Drive|[fromitem]\n|-start|p1a: Iron Thorns|quarkdrivespe\n|turn|3\n|\n|t:|1788292698\n|move|p1a: Iron Thorns|Ice Beam|p2a: Raging Bolt\n|-supereffective|p2a: Raging Bolt\n|-damage|p2a: Raging Bolt|22/100\n|move|p2a: Raging Bolt|Dragon Pulse|p1a: Iron Thorns\n|-damage|p1a: Iron Thorns|46/100\n|\n|-heal|p2a: Raging Bolt|28/100|[from] item: Leftovers\n|upkeep\n|turn|4\n|\n|t:|1788292707\n|-end|p2a: Raging Bolt|Protosynthesis|[silent]\n|switch|p2a: Kingambit|Kingambit, M|100/100\n|move|p1a: Iron Thorns|Ice Beam|p2a: Kingambit\n|-resisted|p2a: Kingambit\n|-damage|p2a: Kingambit|91/100\n|\n|-heal|p2a: Kingambit|98/100|[from] item: Leftovers\n|upkeep\n|turn|5\n|\n|t:|1788292710\n|move|p1a: Iron Thorns|Spikes|p2a: Kingambit\n|-sidestart|p2: kangarooteam1|Spikes\n|move|p2a: Kingambit|Swords Dance|p2a: Kingambit\n|-boost|p2a: Kingambit|atk|2\n|\n|-heal|p2a: Kingambit|100/100|[from] item: Leftovers\n|upkeep\n|turn|6\n|\n|t:|1788292712\n|move|p1a: Iron Thorns|Stealth Rock|p2a: Kingambit\n|-sidestart|p2: kangarooteam1|move: Stealth Rock\n|move|p2a: Kingambit|Swords Dance|p2a: Kingambit\n|-boost|p2a: Kingambit|atk|2\n|\n|upkeep\n|turn|7\n|\n|t:|1788292714\n|move|p1a: Iron Thorns|Spikes|p2a: Kingambit\n|-sidestart|p2: kangarooteam1|Spikes\n|move|p2a: Kingambit|Kowtow Cleave|p1a: Iron Thorns\n|-damage|p1a: Iron Thorns|0 fnt\n|faint|p1a: Iron Thorns\n|-end|p1a: Iron Thorns|Quark Drive|[silent]\n|\n|upkeep\n|\n|t:|1788292719\n|switch|p1a: Great Tusk|Great Tusk|100/100\n|-enditem|p1a: Great Tusk|Booster Energy\n|-activate|p1a: Great Tusk|ability: Protosynthesis|[fromitem]\n|-start|p1a: Great Tusk|protosynthesisatk\n|turn|8\n|\n|t:|1788292721\n|-terastallize|p2a: Kingambit|Ghost\n|move|p1a: Great Tusk|Headlong Rush|p2a: Kingambit\n|-damage|p2a: Kingambit|38/100\n|-unboost|p1a: Great Tusk|def|1\n|-unboost|p1a: Great Tusk|spd|1\n|move|p2a: Kingambit|Iron Head|p1a: Great Tusk\n|-damage|p1a: Great Tusk|0 fnt\n|faint|p1a: Great Tusk\n|-end|p1a: Great Tusk|Protosynthesis|[silent]\n|\n|-heal|p2a: Kingambit|44/100|[from] item: Leftovers\n|upkeep\n|\n|t:|1788292726\n|switch|p1a: Lokix|Lokix, F|100/100\n|turn|9\n|\n|t:|1788292739\n|move|p2a: Kingambit|Sucker Punch|p1a: Lokix\n|-resisted|p1a: Lokix\n|-damage|p1a: Lokix|5/100\n|move|p1a: Lokix|Knock Off|p2a: Kingambit\n|-supereffective|p2a: Kingambit\n|-damage|p2a: Kingambit|0 fnt\n|-enditem|p2a: Kingambit|Leftovers|[from] move: Knock Off|[of] p1a: Lokix\n|faint|p2a: Kingambit\n|-end|p2a: Kingambit|fallenundefined|[silent]\n|-damage|p1a: Lokix|0 fnt|[from] item: Life Orb\n|faint|p1a: Lokix\n|\n|upkeep\n|\n|t:|1788292745\n|switch|p1a: Dragapult|Dragapult, M|100/100\n|switch|p2a: Great Tusk|Great Tusk|100/100\n|-damage|p2a: Great Tusk|84/100|[from] Spikes\n|-damage|p2a: Great Tusk|81/100|[from] Stealth Rock\n|turn|10\n|\n|t:|1788292749\n|move|p1a: Dragapult|Dragon Dance|p1a: Dragapult\n|-boost|p1a: Dragapult|atk|1\n|-boost|p1a: Dragapult|spe|1\n|move|p2a: Great Tusk|Knock Off|p1a: Dragapult\n|-supereffective|p1a: Dragapult\n|-damage|p1a: Dragapult|24/100\n|-enditem|p1a: Dragapult|Weakness Policy\n|-boost|p1a: Dragapult|atk|2|[from] item: Weakness Policy\n|-boost|p1a: Dragapult|spa|2|[from] item: Weakness Policy\n|\n|-heal|p2a: Great Tusk|87/100|[from] item: Leftovers\n|upkeep\n|turn|11\n|\n|t:|1788292752\n|move|p1a: Dragapult|Shadow Ball|p2a: Great Tusk\n|-damage|p2a: Great Tusk|2/100\n|-unboost|p2a: Great Tusk|spd|1\n|move|p2a: Great Tusk|Earthquake|p1a: Dragapult\n|-damage|p1a: Dragapult|0 fnt\n|faint|p1a: Dragapult\n|\n|-heal|p2a: Great Tusk|8/100|[from] item: Leftovers\n|upkeep\n|\n|t:|1788292760\n|switch|p1a: Moltres|Moltres|100/100\n|turn|12\n|\n|t:|1788292762\n|move|p2a: Great Tusk|Rapid Spin|p1a: Moltres\n|-damage|p1a: Moltres|88/100\n|-boost|p2a: Great Tusk|spe|1\n|-status|p2a: Great Tusk|brn|[from] ability: Flame Body|[of] p1a: Moltres\n|-sideend|p2: kangarooteam1|Spikes|[from] move: Rapid Spin|[of] p2a: Great Tusk\n|-sideend|p2: kangarooteam1|Stealth Rock|[from] move: Rapid Spin|[of] p2a: Great Tusk\n|move|p1a: Moltres|Flamethrower|p2a: Great Tusk\n|-damage|p2a: Great Tusk|0 fnt\n|faint|p2a: Great Tusk\n|-end|p2a: Great Tusk|Protosynthesis|[silent]\n|\n|upkeep\n|\n|t:|1788292764\n|switch|p2a: Raging Bolt|Raging Bolt|28/100\n|turn|13\n|-message|whyudodoe forfeited.\n|\n|win|kangarooteam1\n|raw|whyudodoe's rating: 1670 &rarr; <strong>1653</strong><br />(-17 for losing)\n|raw|kangarooteam1's rating: 1725 &rarr; <strong>1742</strong><br />(+17 for winning)\n|l|\u2606whyudodoe\n|player|p1|\n", "uploadtime": 1788292766, "views": "0", "formatid": "gen9ou", "rating": 1653, "private": 0, "password": null}