{"id": "gen9ou-2673989246", "format": "[Gen 9] OU", "players": ["kangarooteam1", "pafflying"], "log": "|j|\u2606kangarooteam1\n|j|\u2606pafflying\n|t:|1788285411\n|gametype|singles\n|player|p1|kangarooteam1|1|1543\n|player|p2|pafflying|265|1601\n|gen|9\n|tier|[Gen 9] OU\n|rated|\n|rule|HP Percentage Mod: HP is shown in percentages\n|rule|Endless Battle Clause: Forcing endless battles is banned\n|rule|Species Clause: Limit one of each Pok\u00e9mon\n|rule|OHKO Clause: OHKO moves are banned\n|rule|Evasion Items Clause: Evasion items are banned\n|rule|Evasion Moves Clause: Evasion moves are banned\n|rule|Evasion Abilities Clause: Evasion abilities are banned\n|rule|Sleep Moves Clause: Sleep-inducing moves are banned\n|clearpoke\n|poke|p1|Great Tusk|\n|poke|p1|Gholdengo|\n|poke|p1|Raging Bolt|\n|poke|p1|Iron Valiant|\n|poke|p1|Ogerpon-Wellspring, F|\n|poke|p1|Kingambit, M|\n|poke|p2|Gholdengo|\n|poke|p2|Great Tusk|\n|poke|p2|Zamazenta-*|\n|poke|p2|Ursaluna, F|\n|poke|p2|Dragonite, F|\n|poke|p2|Cresselia, F|\n|teampreview\n|inactive|Battle timer is ON: inactive players will automatically lose when time's up. (requested by kangarooteam1)\n|j| DA COME UP\n|\n|t:|1788285422\n|teamsize|p1|6\n|teamsize|p2|6\n|start\n|switch|p1a: Ogerpon|Ogerpon-Wellspring, F|100/100\n|switch|p2a: Gholdengo|Gholdengo|100/100\n|turn|1\n|\n|t:|1788285440\n|move|p1a: Ogerpon|Ivy Cudgel|p2a: Gholdengo|[anim] Ivy Cudgel Water\n|-damage|p2a: Gholdengo|60/100\n|move|p2a: Gholdengo|Dazzling Gleam|p1a: Ogerpon\n|-damage|p1a: Ogerpon|74/100\n|\n|upkeep\n|turn|2\n|\n|t:|1788285447\n|move|p1a: Ogerpon|Ivy Cudgel|p2a: Gholdengo|[anim] Ivy Cudgel Water\n|-damage|p2a: Gholdengo|16/100\n|move|p2a: Gholdengo|Recover|p2a: Gholdengo\n|-heal|p2a: Gholdengo|66/100\n|\n|upkeep\n|turn|3\n|\n|t:|1788285457\n|move|p1a: Ogerpon|Ivy Cudgel|p2a: Gholdengo|[anim] Ivy Cudgel Water\n|-damage|p2a: Gholdengo|23/100\n|move|p2a: Gholdengo|Recover|p2a: Gholdengo\n|-heal|p2a: Gholdengo|73/100\n|\n|upkeep\n|turn|4\n|\n|t:|1788285463\n|move|p1a: Ogerpon|Ivy Cudgel|p2a: Gholdengo|[anim] Ivy Cudgel Water\n|-damage|p2a: Gholdengo|32/100\n|move|p2a: Gholdengo|Recover|p2a: Gholdengo\n|-heal|p2a: Gholdengo|82/100\n|\n|upkeep\n|turn|5\n|\n|t:|1788285466\n|switch|p2a: Zamazenta|Zamazenta|100/100\n|-ability|p2a: Zamazenta|Dauntless Shield|boost\n|-boost|p2a: Zamazenta|def|1\n|move|p1a: Ogerpon|Ivy Cudgel|p2a: Zamazenta|[anim] Ivy Cudgel Water\n|-damage|p2a: Zamazenta|68/100\n|\n|upkeep\n|turn|6\n|\n|t:|1788285468\n|switch|p1a: Great Tusk|Great Tusk|100/100\n|move|p2a: Zamazenta|Reflect|p2a: Zamazenta\n|-sidestart|p2: pafflying|Reflect\n|\n|upkeep\n|turn|7\n|\n|t:|1788285472\n|move|p2a: Zamazenta|Light Screen|p2a: Zamazenta\n|-sidestart|p2: pafflying|move: Light Screen\n|move|p1a: Great Tusk|Knock Off|p2a: Zamazenta\n|-resisted|p2a: Zamazenta\n|-damage|p2a: Zamazenta|64/100\n|-enditem|p2a: Zamazenta|Light Clay|[from] move: Knock Off|[of] p1a: Great Tusk\n|\n|upkeep\n|turn|8\n|\n|t:|1788285502\n|switch|p2a: Dragonite|Dragonite, F|100/100\n|move|p1a: Great Tusk|Knock Off|p2a: Dragonite\n|-damage|p2a: Dragonite|93/100\n|-enditem|p2a: Dragonite|Loaded Dice|[from] move: Knock Off|[of] p1a: Great Tusk\n|\n|upkeep\n|turn|9\n|\n|t:|1788285511\n|move|p2a: Dragonite|Dragon Dance|p2a: Dragonite\n|-boost|p2a: Dragonite|atk|1\n|-boost|p2a: Dragonite|spe|1\n|move|p1a: Great Tusk|Stealth Rock|p2a: Dragonite\n|-sidestart|p2: pafflying|move: Stealth Rock\n|\n|upkeep\n|turn|10\n|\n|t:|1788285513\n|move|p2a: Dragonite|Encore|p1a: Great Tusk\n|-start|p1a: Great Tusk|Encore\n|move|p1a: Great Tusk|Stealth Rock||[still]\n|-fail|p1a: Great Tusk\n|\n|upkeep\n|turn|11\n|\n|t:|1788285515\n|-end|p1a: Great Tusk|Protosynthesis|[silent]\n|switch|p1a: Iron Valiant|Iron Valiant|100/100\n|-enditem|p1a: Iron Valiant|Booster Energy\n|-activate|p1a: Iron Valiant|ability: Quark Drive|[fromitem]\n|-start|p1a: Iron Valiant|quarkdrivespe\n|move|p2a: Dragonite|Dragon Dance|p2a: Dragonite\n|-boost|p2a: Dragonite|atk|1\n|-boost|p2a: Dragonite|spe|1\n|\n|upkeep\n|turn|12\n|\n|t:|1788285521\n|move|p1a: Iron Valiant|Encore|p2a: Dragonite\n|-start|p2a: Dragonite|Encore\n|move|p2a: Dragonite|Dragon Dance|p2a: Dragonite\n|-boost|p2a: Dragonite|atk|1\n|-boost|p2a: Dragonite|spe|1\n|\n|upkeep\n|turn|13\n|\n|t:|1788285525\n|switch|p2a: Gholdengo|Gholdengo|82/100\n|-damage|p2a: Gholdengo|76/100|[from] Stealth Rock\n|move|p1a: Iron Valiant|Moonblast|p2a: Gholdengo\n|-resisted|p2a: Gholdengo\n|-crit|p2a: Gholdengo\n|-damage|p2a: Gholdengo|41/100\n|-unboost|p2a: Gholdengo|spa|1\n|\n|-sideend|p2: pafflying|Reflect\n|upkeep\n|turn|14\n|l| DA COME UP\n|\n|t:|1788285535\n|-end|p1a: Iron Valiant|Quark Drive|[silent]\n|switch|p1a: Ogerpon|Ogerpon-Wellspring, F|74/100\n|move|p2a: Gholdengo|Make It Rain|p1a: Ogerpon\n|-resisted|p1a: Ogerpon\n|-damage|p1a: Ogerpon|54/100\n|-unboost|p2a: Gholdengo|spa|1\n|\n|-sideend|p2: pafflying|move: Light Screen\n|upkeep\n|turn|15\n|\n|t:|1788285545\n|move|p1a: Ogerpon|Ivy Cudgel|p2a: Gholdengo|[anim] Ivy Cudgel Water\n|-damage|p2a: Gholdengo|0 fnt\n|faint|p2a: Gholdengo\n|\n|upkeep\n|\n|t:|1788285552\n|switch|p2a: Zamazenta|Zamazenta|64/100\n|-damage|p2a: Zamazenta|58/100|[from] Stealth Rock\n|turn|16\n|\n|t:|1788285557\n|move|p2a: Zamazenta|Reflect|p2a: Zamazenta\n|-sidestart|p2: pafflying|Reflect\n|move|p1a: Ogerpon|Horn Leech|p2a: Zamazenta\n|-damage|p2a: Zamazenta|40/100\n|-heal|p1a: Ogerpon|65/100|[from] drain|[of] p2a: Zamazenta\n|\n|upkeep\n|turn|17\n|\n|t:|1788285560\n|switch|p1a: Gholdengo|Gholdengo|100/100\n|-item|p1a: Gholdengo|Air Balloon\n|move|p2a: Zamazenta|Light Screen|p2a: Zamazenta\n|-sidestart|p2: pafflying|move: Light Screen\n|\n|upkeep\n|turn|18\n|\n|t:|1788285564\n|switch|p2a: Ursaluna|Ursaluna, F|100/100\n|-damage|p2a: Ursaluna|94/100|[from] Stealth Rock\n|move|p1a: Gholdengo|Nasty Plot|p1a: Gholdengo\n|-boost|p1a: Gholdengo|spa|2\n|\n|-status|p2a: Ursaluna|brn|[from] item: Flame Orb\n|upkeep\n|turn|19\n|\n|t:|1788285570\n|move|p1a: Gholdengo|Make It Rain|p2a: Ursaluna\n|-damage|p2a: Ursaluna|35/100 brn\n|-unboost|p1a: Gholdengo|spa|1\n|move|p2a: Ursaluna|Trailblaze|p1a: Gholdengo\n|-resisted|p1a: Gholdengo\n|-damage|p1a: Gholdengo|84/100\n|-boost|p2a: Ursaluna|spe|1\n|-enditem|p1a: Gholdengo|Air Balloon\n|\n|-damage|p2a: Ursaluna|28/100 brn|[from] brn\n|upkeep\n|turn|20\n|\n|t:|1788285575\n|move|p2a: Ursaluna|Earthquake|p1a: Gholdengo\n|-supereffective|p1a: Gholdengo\n|-damage|p1a: Gholdengo|0 fnt\n|faint|p1a: Gholdengo\n|\n|-damage|p2a: Ursaluna|22/100 brn|[from] brn\n|-sideend|p2: pafflying|Reflect\n|upkeep\n|\n|t:|1788285576\n|switch|p1a: Ogerpon|Ogerpon-Wellspring, F|65/100\n|turn|21\n|j| NotLookinForAName\n|\n|t:|1788285600\n|move|p1a: Ogerpon|Power Whip|p2a: Ursaluna\n|-supereffective|p2a: Ursaluna\n|-damage|p2a: Ursaluna|0 fnt\n|faint|p2a: Ursaluna\n|\n|-sideend|p2: pafflying|move: Light Screen\n|upkeep\n|\n|t:|1788285613\n|switch|p2a: Great Tusk|Great Tusk|100/100\n|-damage|p2a: Great Tusk|98/100|[from] Stealth Rock\n|-enditem|p2a: Great Tusk|Booster Energy\n|-activate|p2a: Great Tusk|ability: Protosynthesis|[fromitem]\n|-start|p2a: Great Tusk|protosynthesisspe\n|turn|22\n|\n|t:|1788285615\n|move|p2a: Great Tusk|Rapid Spin|p1a: Ogerpon\n|-damage|p1a: Ogerpon|47/100\n|-boost|p2a: Great Tusk|spe|1\n|-sideend|p2: pafflying|Stealth Rock|[from] move: Rapid Spin|[of] p2a: Great Tusk\n|move|p1a: Ogerpon|Horn Leech|p2a: Great Tusk\n|-supereffective|p2a: Great Tusk\n|-damage|p2a: Great Tusk|38/100\n|-heal|p1a: Ogerpon|90/100|[from] drain|[of] p2a: Great Tusk\n|\n|upkeep\n|turn|23\n|\n|t:|1788285629\n|move|p2a: Great Tusk|Close Combat|p1a: Ogerpon\n|-damage|p1a: Ogerpon|22/100\n|-unboost|p2a: Great Tusk|def|1\n|-unboost|p2a: Great Tusk|spd|1\n|move|p1a: Ogerpon|Horn Leech|p2a: Great Tusk\n|-supereffective|p2a: Great Tusk\n|-damage|p2a: Great Tusk|0 fnt\n|-heal|p1a: Ogerpon|49/100|[from] drain|[of] p2a: Great Tusk\n|faint|p2a: Great Tusk\n|-end|p2a: Great Tusk|Protosynthesis|[silent]\n|\n|upkeep\n|\n|t:|1788285636\n|switch|p2a: Zamazenta|Zamazenta|40/100\n|turn|24\n|\n|t:|1788285638\n|move|p2a: Zamazenta|Reflect|p2a: Zamazenta\n|-sidestart|p2: pafflying|Reflect\n|move|p1a: Ogerpon|Ivy Cudgel|p2a: Zamazenta|[anim] Ivy Cudgel Water\n|-damage|p2a: Zamazenta|16/100\n|\n|upkeep\n|turn|25\n|\n|t:|1788285640\n|switch|p1a: Raging Bolt|Raging Bolt|100/100\n|move|p2a: Zamazenta|Light Screen|p2a: Zamazenta\n|-sidestart|p2: pafflying|move: Light Screen\n|\n|upkeep\n|turn|26\n|\n|t:|1788285646\n|move|p2a: Zamazenta|Close Combat|p1a: Raging Bolt\n|-damage|p1a: Raging Bolt|64/100\n|-unboost|p2a: Zamazenta|def|1\n|-unboost|p2a: Zamazenta|spd|1\n|move|p1a: Raging Bolt|Calm Mind|p1a: Raging Bolt\n|-boost|p1a: Raging Bolt|spa|1\n|-boost|p1a: Raging Bolt|spd|1\n|\n|-heal|p1a: Raging Bolt|70/100|[from] item: Leftovers\n|upkeep\n|turn|27\n|\n|t:|1788285649\n|move|p1a: Raging Bolt|Dragon Pulse|p2a: Zamazenta\n|-damage|p2a: Zamazenta|0 fnt\n|faint|p2a: Zamazenta\n|\n|-heal|p1a: Raging Bolt|76/100|[from] item: Leftovers\n|upkeep\n|\n|t:|1788285650\n|switch|p2a: Cresselia|Cresselia, F|100/100\n|turn|28\n|\n|t:|1788285655\n|move|p2a: Cresselia|Calm Mind|p2a: Cresselia\n|-boost|p2a: Cresselia|spa|1\n|-boost|p2a: Cresselia|spd|1\n|move|p1a: Raging Bolt|Calm Mind|p1a: Raging Bolt\n|-boost|p1a: Raging Bolt|spa|1\n|-boost|p1a: Raging Bolt|spd|1\n|\n|-heal|p1a: Raging Bolt|82/100|[from] item: Leftovers\n|-sideend|p2: pafflying|Reflect\n|upkeep\n|turn|29\n|\n|t:|1788285658\n|move|p2a: Cresselia|Calm Mind|p2a: Cresselia\n|-boost|p2a: Cresselia|spa|1\n|-boost|p2a: Cresselia|spd|1\n|move|p1a: Raging Bolt|Calm Mind|p1a: Raging Bolt\n|-boost|p1a: Raging Bolt|spa|1\n|-boost|p1a: Raging Bolt|spd|1\n|\n|-heal|p1a: Raging Bolt|89/100|[from] item: Leftovers\n|-sideend|p2: pafflying|move: Light Screen\n|upkeep\n|turn|30\n|\n|t:|1788285660\n|move|p2a: Cresselia|Calm Mind|p2a: Cresselia\n|-boost|p2a: Cresselia|spa|1\n|-boost|p2a: Cresselia|spd|1\n|move|p1a: Raging Bolt|Thunderbolt|p2a: Cresselia\n|-damage|p2a: Cresselia|67/100\n|\n|-heal|p1a: Raging Bolt|95/100|[from] item: Leftovers\n|upkeep\n|turn|31\n|\n|t:|1788285665\n|move|p2a: Cresselia|Calm Mind|p2a: Cresselia\n|-boost|p2a: Cresselia|spa|1\n|-boost|p2a: Cresselia|spd|1\n|move|p1a: Raging Bolt|Calm Mind|p1a: Raging Bolt\n|-boost|p1a: Raging Bolt|spa|1\n|-boost|p1a: Raging Bolt|spd|1\n|\n|-heal|p1a: Raging Bolt|100/100|[from] item: Leftovers\n|upkeep\n|turn|32\n|\n|t:|1788285669\n|move|p2a: Cresselia|Calm Mind|p2a: Cresselia\n|-boost|p2a: Cresselia|spa|1\n|-boost|p2a: Cresselia|spd|1\n|move|p1a: Raging Bolt|Thunderbolt|p2a: Cresselia\n|-damage|p2a: Cresselia|38/100\n|-status|p2a: Cresselia|par\n|\n|upkeep\n|turn|33\n|\n|t:|1788285673\n|move|p1a: Raging Bolt|Thunderbolt|p2a: Cresselia\n|-damage|p2a: Cresselia|7/100 par\n|move|p2a: Cresselia|Moonlight|p2a: Cresselia\n|-heal|p2a: Cresselia|57/100 par\n|\n|upkeep\n|turn|34\n|\n|t:|1788285677\n|move|p1a: Raging Bolt|Thunderbolt|p2a: Cresselia\n|-damage|p2a: Cresselia|27/100 par\n|move|p2a: Cresselia|Moonlight|p2a: Cresselia\n|-heal|p2a: Cresselia|77/100 par\n|\n|upkeep\n|turn|35\n|\n|t:|1788285686\n|move|p1a: Raging Bolt|Thunderbolt|p2a: Cresselia\n|-damage|p2a: Cresselia|48/100 par\n|move|p2a: Cresselia|Moonlight|p2a: Cresselia\n|-heal|p2a: Cresselia|98/100 par\n|\n|upkeep\n|turn|36\n|\n|t:|1788285688\n|move|p1a: Raging Bolt|Calm Mind|p1a: Raging Bolt\n|-boost|p1a: Raging Bolt|spa|1\n|-boost|p1a: Raging Bolt|spd|1\n|move|p2a: Cresselia|Calm Mind|p2a: Cresselia\n|-boost|p2a: Cresselia|spa|1\n|-boost|p2a: Cresselia|spd|1\n|\n|upkeep\n|turn|37\n|\n|t:|1788285692\n|move|p1a: Raging Bolt|Thunderbolt|p2a: Cresselia\n|-damage|p2a: Cresselia|69/100 par\n|move|p2a: Cresselia|Stored Power|p1a: Raging Bolt\n|-damage|p1a: Raging Bolt|34/100\n|\n|-heal|p1a: Raging Bolt|40/100|[from] item: Leftovers\n|upkeep\n|turn|38\n|\n|t:|1788285696\n|move|p1a: Raging Bolt|Thunderbolt|p2a: Cresselia\n|-crit|p2a: Cresselia\n|-damage|p2a: Cresselia|0 fnt\n|faint|p2a: Cresselia\n|\n|-heal|p1a: Raging Bolt|46/100|[from] item: Leftovers\n|upkeep\n|\n|t:|1788285699\n|switch|p2a: Dragonite|Dragonite, F|93/100\n|turn|39\n|\n|t:|1788285706\n|-terastallize|p1a: Raging Bolt|Fairy\n|move|p2a: Dragonite|Scale Shot|p1a: Raging Bolt\n|-immune|p1a: Raging Bolt\n|move|p1a: Raging Bolt|Dragon Pulse|p2a: Dragonite\n|-supereffective|p2a: Dragonite\n|-damage|p2a: Dragonite|0 fnt\n|faint|p2a: Dragonite\n|\n|win|kangarooteam1\n|raw|kangarooteam1's rating: 1543 &rarr; <strong>1566</strong><br />(+23 for winning)\n|raw|pafflying's rating: 1601 &rarr; <strong>1578</strong><br />(-23 for losing)\n", "uploadtime": 1788285707, "views": "1", "formatid": "gen9ou", "rating": 1566, "private": 0, "password": null}