{"id": "gen9ou-2673902234", "format": "[Gen 9] OU", "players": ["MyGoodBuddyMason", "Lucid Coffee"], "log": "|j|\u2606MyGoodBuddyMason\n|j|\u2606Lucid Coffee\n|t:|1788275066\n|gametype|singles\n|player|p1|MyGoodBuddyMason|drayden|1403\n|player|p2|Lucid Coffee|blue|1406\n|gen|9\n|tier|[Gen 9] OU\n|rated|\n|rule|HP Percentage Mod: HP is shown in percentages\n|rule|Endless Battle Clause: Forcing endless battles is banned\n|rule|Species Clause: Limit one of each Pok\u00e9mon\n|rule|OHKO Clause: OHKO moves are banned\n|rule|Evasion Items Clause: Evasion items are banned\n|rule|Evasion Moves Clause: Evasion moves are banned\n|rule|Evasion Abilities Clause: Evasion abilities are banned\n|rule|Sleep Moves Clause: Sleep-inducing moves are banned\n|clearpoke\n|poke|p1|Zapdos|\n|poke|p1|Eiscue, M|\n|poke|p1|Empoleon, M|\n|poke|p1|Garchomp, F|\n|poke|p1|Donphan, M|\n|poke|p1|Lokix, M|\n|poke|p2|Deoxys-Speed|\n|poke|p2|Indeedee, M|\n|poke|p2|Armarouge, F|\n|poke|p2|Hatterene, F|\n|poke|p2|Cinderace, M|\n|poke|p2|Hawlucha, F|\n|teampreview\n|inactive|Battle timer is ON: inactive players will automatically lose when time's up. (requested by Lucid Coffee)\n|\n|t:|1788275092\n|teamsize|p1|6\n|teamsize|p2|6\n|start\n|switch|p1a: Shock Tuah|Zapdos|100/100\n|switch|p2a: Deoxys|Deoxys-Speed|100/100\n|-ability|p2a: Deoxys|Pressure\n|turn|1\n|\n|t:|1788275106\n|switch|p1a: Steel Beam Enjoyer|Empoleon, M|100/100\n|move|p2a: Deoxys|Psycho Boost|p1a: Steel Beam Enjoyer\n|-resisted|p1a: Steel Beam Enjoyer\n|-damage|p1a: Steel Beam Enjoyer|80/100\n|-unboost|p2a: Deoxys|spa|2\n|-enditem|p2a: Deoxys|Eject Pack\n|\n|t:|1788275111\n|switch|p2a: Cinderace|Cinderace, M|100/100\n|\n|-heal|p1a: Steel Beam Enjoyer|86/100|[from] item: Leftovers\n|upkeep\n|turn|2\n|\n|t:|1788275124\n|switch|p1a: Mr. Freeze|Eiscue, M|100/100\n|move|p2a: Cinderace|Pyro Ball|p1a: Mr. Freeze\n|-activate|p1a: Mr. Freeze|ability: Ice Face\n|-damage|p1a: Mr. Freeze|100/100\n|-status|p1a: Mr. Freeze|brn\n|detailschange|p1a: Mr. Freeze|Eiscue-Noice, M\n|\n|-damage|p1a: Mr. Freeze|95/100 brn|[from] brn\n|upkeep\n|turn|3\n|\n|t:|1788275130\n|move|p2a: Cinderace|Pyro Ball|p1a: Mr. Freeze\n|-supereffective|p1a: Mr. Freeze\n|-damage|p1a: Mr. Freeze|0 fnt\n|faint|p1a: Mr. Freeze\n|\n|upkeep\n|\n|t:|1788275133\n|switch|p1a: Zero-One|Lokix, M, shiny|100/100\n|turn|4\n|\n|t:|1788275138\n|switch|p2a: Indeedee|Indeedee, M|100/100\n|-fieldstart|move: Psychic Terrain|[from] ability: Psychic Surge|[of] p2a: Indeedee\n|-terastallize|p1a: Zero-One|Bug\n|move|p1a: Zero-One|First Impression|p2a: Indeedee\n|-activate|p2a: Indeedee|move: Psychic Terrain\n|\n|upkeep\n|turn|5\n|\n|t:|1788275159\n|switch|p1a: Steel Beam Enjoyer|Empoleon, M|86/100\n|switch|p2a: Cinderace|Cinderace, M|100/100\n|\n|-heal|p1a: Steel Beam Enjoyer|92/100|[from] item: Leftovers\n|upkeep\n|turn|6\n|\n|t:|1788275166\n|move|p2a: Cinderace|High Jump Kick|p1a: Steel Beam Enjoyer\n|-start|p2a: Cinderace|typechange|Fighting|[from] ability: Libero\n|-supereffective|p1a: Steel Beam Enjoyer\n|-damage|p1a: Steel Beam Enjoyer|0 fnt\n|faint|p1a: Steel Beam Enjoyer\n|\n|upkeep\n|\n|t:|1788275173\n|switch|p1a: Shock Tuah|Zapdos|100/100\n|turn|7\n|\n|t:|1788275176\n|switch|p2a: Hatterene|Hatterene, F|100/100\n|move|p1a: Shock Tuah|Hurricane|p2a: Hatterene\n|-damage|p2a: Hatterene|55/100\n|-enditem|p2a: Hatterene|Eject Button\n|\n|t:|1788275182\n|switch|p2a: Deoxys|Deoxys-Speed|100/100\n|-ability|p2a: Deoxys|Pressure\n|\n|upkeep\n|turn|8\n|\n|t:|1788275193\n|switch|p1a: Zero-One|Lokix, M, shiny, tera:Bug|100/100\n|move|p2a: Deoxys|Psycho Boost|p1a: Zero-One\n|-damage|p1a: Zero-One|0 fnt\n|-unboost|p2a: Deoxys|spa|2\n|faint|p1a: Zero-One\n|\n|upkeep\n|-message|MyGoodBuddyMason forfeited.\n|\n|win|Lucid Coffee\n|raw|MyGoodBuddyMason's rating: 1403 &rarr; <strong>1383</strong><br />(-20 for losing)\n|raw|Lucid Coffee's rating: 1406 &rarr; <strong>1426</strong><br />(+20 for winning)\n|l|\u2606MyGoodBuddyMason\n|player|p1|\n|l|\u2606Lucid Coffee\n|player|p2|\n", "uploadtime": 1788275419, "views": "1", "formatid": "gen9ou", "rating": 1383, "private": 0, "password": null}