{"id": "gen9ou-2674013280", "format": "[Gen 9] OU", "players": ["go b3yond", "Alexander90281"], "log": "|badge|p2|bronze|gen9monotype|100-10\n|badge|p2|bronze|gen9ubers|100-10\n|uhtml|medal-msg|<div class=\"broadcast-blue\">Curious what those medals under the avatar are? PS now has Ladder Seasons! For more information, check out the <a href=\"https://www.smogon.com/forums/threads/3740067/\">thread on Smogon.</a></div>\n|j|\u2606go b3yond\n|j|\u2606Alexander90281\n|t:|1788288188\n|gametype|singles\n|player|p1|go b3yond|waiter-gen4|1565\n|player|p2|Alexander90281|tateandliza-gen3|1741\n|gen|9\n|tier|[Gen 9] OU\n|rated|\n|rule|HP Percentage Mod: HP is shown in percentages\n|rule|Endless Battle Clause: Forcing endless battles is banned\n|rule|Species Clause: Limit one of each Pok\u00e9mon\n|rule|OHKO Clause: OHKO moves are banned\n|rule|Evasion Items Clause: Evasion items are banned\n|rule|Evasion Moves Clause: Evasion moves are banned\n|rule|Evasion Abilities Clause: Evasion abilities are banned\n|rule|Sleep Moves Clause: Sleep-inducing moves are banned\n|clearpoke\n|poke|p1|Vikavolt, M|\n|poke|p1|Iron Valiant|\n|poke|p1|Heatran, F|\n|poke|p1|Meowscarada, M|\n|poke|p1|Great Tusk|\n|poke|p1|Kingambit, F|\n|poke|p2|Mimikyu, M|\n|poke|p2|Hatterene, F|\n|poke|p2|Ursaluna, M|\n|poke|p2|Kyurem|\n|poke|p2|Raging Bolt|\n|poke|p2|Ogerpon-Wellspring, F|\n|teampreview\n|l|\u2606go b3yond\n|player|p1|\n|j|\u2606go b3yond\n|player|p1|go b3yond|waiter-gen4|\n|inactive|Battle timer is ON: inactive players will automatically lose when time's up. (requested by go b3yond)\n|\n|t:|1788288258\n|teamsize|p1|6\n|teamsize|p2|6\n|start\n|switch|p1a: Inspector Tsukumo|Heatran, F, shiny|100/100\n|switch|p2a: Hatterene|Hatterene, F|100/100\n|turn|1\n|\n|t:|1788288278\n|move|p1a: Inspector Tsukumo|Magma Storm|p2a: Hatterene\n|-damage|p2a: Hatterene|47/100\n|-activate|p2a: Hatterene|move: Magma Storm|[of] p1a: Inspector Tsukumo\n|move|p2a: Hatterene|Trick Room|p2a: Hatterene\n|-fieldstart|move: Trick Room|[of] p2a: Hatterene\n|\n|-damage|p2a: Hatterene|35/100|[from] move: Magma Storm|[partiallytrapped]\n|upkeep\n|turn|2\n|\n|t:|1788288288\n|move|p2a: Hatterene|Psychic Noise|p1a: Inspector Tsukumo\n|-resisted|p1a: Inspector Tsukumo\n|-damage|p1a: Inspector Tsukumo|79/100\n|-start|p1a: Inspector Tsukumo|move: Heal Block\n|move|p1a: Inspector Tsukumo|Stealth Rock|p2a: Hatterene\n|move|p2a: Hatterene|Stealth Rock|p1a: Inspector Tsukumo|[from] ability: Magic Bounce\n|-sidestart|p1: go b3yond|move: Stealth Rock\n|\n|-damage|p2a: Hatterene|23/100|[from] move: Magma Storm|[partiallytrapped]\n|upkeep\n|turn|3\n|\n|t:|1788288294\n|move|p2a: Hatterene|Psychic Noise|p1a: Inspector Tsukumo\n|-resisted|p1a: Inspector Tsukumo\n|-damage|p1a: Inspector Tsukumo|55/100\n|move|p1a: Inspector Tsukumo|Earth Power|p2a: Hatterene\n|-damage|p2a: Hatterene|0 fnt\n|faint|p2a: Hatterene\n|\n|-end|p1a: Inspector Tsukumo|move: Heal Block\n|upkeep\n|\n|t:|1788288297\n|switch|p2a: Ursaluna|Ursaluna, M|100/100\n|turn|4\n|\n|t:|1788288306\n|move|p2a: Ursaluna|Earthquake|p1a: Inspector Tsukumo\n|-supereffective|p1a: Inspector Tsukumo\n|-damage|p1a: Inspector Tsukumo|0 fnt\n|faint|p1a: Inspector Tsukumo\n|\n|-status|p2a: Ursaluna|brn|[from] item: Flame Orb\n|upkeep\n|\n|t:|1788288314\n|switch|p1a: Duke Long|Great Tusk, shiny|100/100\n|-damage|p1a: Duke Long|98/100|[from] Stealth Rock\n|turn|5\n|\n|t:|1788288317\n|-terastallize|p1a: Duke Long|Steel\n|move|p2a: Ursaluna|Facade|p1a: Duke Long\n|-resisted|p1a: Duke Long\n|-damage|p1a: Duke Long|52/100\n|-damage|p2a: Ursaluna|84/100 brn|[from] item: Rocky Helmet|[of] p1a: Duke Long\n|move|p1a: Duke Long|Rapid Spin|p2a: Ursaluna\n|-damage|p2a: Ursaluna|72/100 brn\n|-boost|p1a: Duke Long|spe|1\n|-sideend|p1: go b3yond|Stealth Rock|[from] move: Rapid Spin|[of] p1a: Duke Long\n|\n|-damage|p2a: Ursaluna|65/100 brn|[from] brn\n|-fieldend|move: Trick Room\n|upkeep\n|turn|6\n|\n|t:|1788288321\n|move|p1a: Duke Long|Close Combat|p2a: Ursaluna\n|-supereffective|p2a: Ursaluna\n|-damage|p2a: Ursaluna|0 fnt\n|-unboost|p1a: Duke Long|def|1\n|-unboost|p1a: Duke Long|spd|1\n|faint|p2a: Ursaluna\n|\n|upkeep\n|\n|t:|1788288329\n|switch|p2a: Mimikyu|Mimikyu, M|100/100\n|turn|7\n|\n|t:|1788288332\n|move|p1a: Duke Long|Headlong Rush|p2a: Mimikyu\n|-activate|p2a: Mimikyu|ability: Disguise\n|-damage|p2a: Mimikyu|100/100\n|-unboost|p1a: Duke Long|def|1\n|-unboost|p1a: Duke Long|spd|1\n|detailschange|p2a: Mimikyu|Mimikyu-Busted, M\n|-damage|p2a: Mimikyu|88/100|[from] pokemon: Mimikyu-Busted\n|move|p2a: Mimikyu|Trick Room|p2a: Mimikyu\n|-fieldstart|move: Trick Room|[of] p2a: Mimikyu\n|\n|upkeep\n|turn|8\n|\n|t:|1788288351\n|move|p2a: Mimikyu|Curse|p1a: Duke Long\n|-start|p1a: Duke Long|Curse|[of] p2a: Mimikyu\n|-damage|p2a: Mimikyu|38/100\n|move|p1a: Duke Long|Headlong Rush|p2a: Mimikyu\n|-damage|p2a: Mimikyu|0 fnt\n|-unboost|p1a: Duke Long|def|1\n|-unboost|p1a: Duke Long|spd|1\n|faint|p2a: Mimikyu\n|\n|-damage|p1a: Duke Long|27/100|[from] Curse\n|upkeep\n|\n|t:|1788288354\n|switch|p2a: Raging Bolt|Raging Bolt|100/100\n|-enditem|p2a: Raging Bolt|Booster Energy\n|-activate|p2a: Raging Bolt|ability: Protosynthesis|[fromitem]\n|-start|p2a: Raging Bolt|protosynthesisspa\n|turn|9\n|\n|t:|1788288359\n|move|p2a: Raging Bolt|Dragon Pulse|p1a: Duke Long\n|-resisted|p1a: Duke Long\n|-damage|p1a: Duke Long|0 fnt\n|faint|p1a: Duke Long\n|-end|p1a: Duke Long|Protosynthesis|[silent]\n|\n|upkeep\n|\n|t:|1788288381\n|switch|p1a: Funny Valentine|Meowscarada, M, shiny|100/100\n|turn|10\n|inactive|go b3yond has 120 seconds left.\n|l|\u2606go b3yond\n|inactive|go b3yond disconnected and has a minute to reconnect!\n|player|p1|\n|inactive|go b3yond has 30 seconds to reconnect!\n|inactive|go b3yond has 20 seconds to reconnect!\n|inactive|go b3yond has 15 seconds to reconnect!\n|inactive|go b3yond has 10 seconds to reconnect!\n|j|\u2606go b3yond\n|inactive|go b3yond reconnected and has 70 seconds left.\n|player|p1|go b3yond|waiter-gen4|\n|\n|t:|1788288459\n|switch|p1a: Rum|Iron Valiant, shiny|100/100\n|-enditem|p1a: Rum|Booster Energy\n|-activate|p1a: Rum|ability: Quark Drive|[fromitem]\n|-start|p1a: Rum|quarkdrivespe\n|move|p2a: Raging Bolt|Dragon Pulse|p1a: Rum\n|-immune|p1a: Rum\n|\n|upkeep\n|turn|11\n|\n|t:|1788288471\n|move|p2a: Raging Bolt|Thunderbolt|p1a: Rum\n|-damage|p1a: Rum|0 fnt\n|faint|p1a: Rum\n|-end|p1a: Rum|Quark Drive|[silent]\n|\n|-fieldend|move: Trick Room\n|upkeep\n|\n|t:|1788288478\n|switch|p1a: Kiruma|Vikavolt, M, shiny|100/100\n|turn|12\n|\n|t:|1788288480\n|move|p2a: Raging Bolt|Dragon Pulse|p1a: Kiruma\n|-damage|p1a: Kiruma|19/100\n|move|p1a: Kiruma|Bug Buzz|p2a: Raging Bolt\n|-damage|p2a: Raging Bolt|33/100\n|\n|upkeep\n|turn|13\n|\n|t:|1788288485\n|move|p2a: Raging Bolt|Dragon Pulse|p1a: Kiruma\n|-damage|p1a: Kiruma|0 fnt\n|faint|p1a: Kiruma\n|\n|upkeep\n|\n|t:|1788288487\n|switch|p1a: Funny Valentine|Meowscarada, M, shiny|100/100\n|turn|14\n|\n|t:|1788288490\n|move|p2a: Raging Bolt|Thunderclap|p1a: Funny Valentine\n|-resisted|p1a: Funny Valentine\n|-damage|p1a: Funny Valentine|59/100\n|move|p1a: Funny Valentine|Triple Axel|p2a: Raging Bolt\n|-start|p1a: Funny Valentine|typechange|Ice|[from] ability: Protean\n|-supereffective|p2a: Raging Bolt\n|-damage|p2a: Raging Bolt|18/100\n|-hitcount|p2a: Raging Bolt|1\n|\n|upkeep\n|turn|15\n|\n|t:|1788288507\n|switch|p1a: L|Kingambit, F, shiny|100/100\n|-activate|p1a: L|ability: Supreme Overlord\n|-start|p1a: L|fallen4|[silent]\n|-item|p1a: L|Air Balloon\n|move|p2a: Raging Bolt|Thunderbolt|p1a: L\n|-damage|p1a: L|23/100\n|-enditem|p1a: L|Air Balloon\n|\n|upkeep\n|turn|16\n|-message|go b3yond forfeited.\n|\n|win|Alexander90281\n|raw|go b3yond's rating: 1565 &rarr; <strong>1554</strong><br />(-11 for losing)\n|raw|Alexander90281's rating: 1741 &rarr; <strong>1752</strong><br />(+11 for winning)\n|l|\u2606Alexander90281\n|player|p2|\n|l|\u2606go b3yond\n|player|p1|\n", "uploadtime": 1788288741, "views": "3", "formatid": "gen9ou", "rating": 1554, "private": 0, "password": null}