{"id": "gen9ou-2674074234", "format": "[Gen 9] OU", "players": ["Maddsuccc", "tony4939312"], "log": "|j|\u2606Maddsuccc\n|j|\u2606tony4939312\n|t:|1788295596\n|gametype|singles\n|player|p1|Maddsuccc|caitlin|1396\n|player|p2|tony4939312|102|1450\n|gen|9\n|tier|[Gen 9] OU\n|rated|\n|rule|HP Percentage Mod: HP is shown in percentages\n|rule|Endless Battle Clause: Forcing endless battles is banned\n|rule|Species Clause: Limit one of each Pok\u00e9mon\n|rule|OHKO Clause: OHKO moves are banned\n|rule|Evasion Items Clause: Evasion items are banned\n|rule|Evasion Moves Clause: Evasion moves are banned\n|rule|Evasion Abilities Clause: Evasion abilities are banned\n|rule|Sleep Moves Clause: Sleep-inducing moves are banned\n|clearpoke\n|poke|p1|Articuno-Galar|\n|poke|p1|Araquanid, F|\n|poke|p1|Cinderace, M|\n|poke|p1|Kingambit, F|\n|poke|p1|Gliscor, M|\n|poke|p1|Enamorus, F|\n|poke|p2|Toxapex, M|\n|poke|p2|Raging Bolt|\n|poke|p2|Ceruledge, F|\n|poke|p2|Meowscarada, F|\n|poke|p2|Corviknight, F|\n|poke|p2|Iron Valiant|\n|teampreview\n|inactive|Battle timer is ON: inactive players will automatically lose when time's up. (requested by Maddsuccc)\n|\n|t:|1788295607\n|teamsize|p1|6\n|teamsize|p2|6\n|start\n|switch|p1a: Araquanid|Araquanid, F|100/100\n|switch|p2a: Raging Bolt|Raging Bolt|100/100\n|turn|1\n|\n|t:|1788295610\n|move|p2a: Raging Bolt|Volt Switch|p1a: Araquanid\n|-supereffective|p1a: Araquanid\n|-damage|p1a: Araquanid|5/100\n|\n|t:|1788295617\n|-end|p2a: Raging Bolt|Protosynthesis|[silent]\n|switch|p2a: Ceruledge|Ceruledge, F|100/100|[from] Volt Switch\n|move|p1a: Araquanid|Sticky Web|p2a: Ceruledge\n|-sidestart|p2: tony4939312|move: Sticky Web\n|\n|upkeep\n|turn|2\n|-enditem|p1a: Araquanid|Custap Berry|[eat]\n|-activate|p1a: Araquanid|item: Custap Berry|[consumed]\n|\n|t:|1788295643\n|switch|p2a: Corviknight|Corviknight, F|100/100\n|-ability|p2a: Corviknight|Pressure\n|move|p1a: Araquanid|Surf|p2a: Corviknight\n|-damage|p2a: Corviknight|43/100\n|\n|upkeep\n|turn|3\n|\n|t:|1788295653\n|move|p2a: Corviknight|Defog|p1a: Araquanid\n|-unboost|p1a: Araquanid|evasion|1\n|-sideend|p2: tony4939312|Sticky Web|[from] move: Defog|[of] p2a: Corviknight\n|move|p1a: Araquanid|Sticky Web|p2a: Corviknight\n|-sidestart|p2: tony4939312|move: Sticky Web\n|\n|upkeep\n|turn|4\n|\n|t:|1788295661\n|move|p2a: Corviknight|Roost|p2a: Corviknight\n|-heal|p2a: Corviknight|93/100\n|-singleturn|p2a: Corviknight|move: Roost\n|move|p1a: Araquanid|Sticky Web||[still]\n|-fail|p1a: Araquanid\n|\n|upkeep\n|turn|5\n|\n|t:|1788295666\n|move|p2a: Corviknight|Defog|p1a: Araquanid\n|-unboost|p1a: Araquanid|evasion|1\n|-sideend|p2: tony4939312|Sticky Web|[from] move: Defog|[of] p2a: Corviknight\n|move|p1a: Araquanid|Sticky Web|p2a: Corviknight\n|-sidestart|p2: tony4939312|move: Sticky Web\n|\n|upkeep\n|turn|6\n|\n|t:|1788295667\n|move|p2a: Corviknight|Defog|p1a: Araquanid\n|-unboost|p1a: Araquanid|evasion|1\n|-sideend|p2: tony4939312|Sticky Web|[from] move: Defog|[of] p2a: Corviknight\n|move|p1a: Araquanid|Sticky Web|p2a: Corviknight\n|-sidestart|p2: tony4939312|move: Sticky Web\n|\n|upkeep\n|turn|7\n|\n|t:|1788295670\n|move|p2a: Corviknight|Defog|p1a: Araquanid\n|-unboost|p1a: Araquanid|evasion|1\n|-sideend|p2: tony4939312|Sticky Web|[from] move: Defog|[of] p2a: Corviknight\n|move|p1a: Araquanid|Sticky Web|p2a: Corviknight\n|-sidestart|p2: tony4939312|move: Sticky Web\n|\n|upkeep\n|turn|8\n|\n|t:|1788295671\n|move|p2a: Corviknight|Defog|p1a: Araquanid\n|-unboost|p1a: Araquanid|evasion|1\n|-sideend|p2: tony4939312|Sticky Web|[from] move: Defog|[of] p2a: Corviknight\n|move|p1a: Araquanid|Sticky Web|p2a: Corviknight\n|-sidestart|p2: tony4939312|move: Sticky Web\n|\n|upkeep\n|turn|9\n|\n|t:|1788295677\n|move|p2a: Corviknight|Defog|p1a: Araquanid\n|-unboost|p1a: Araquanid|evasion|1\n|-sideend|p2: tony4939312|Sticky Web|[from] move: Defog|[of] p2a: Corviknight\n|move|p1a: Araquanid|Sticky Web|p2a: Corviknight\n|-sidestart|p2: tony4939312|move: Sticky Web\n|\n|upkeep\n|turn|10\n|\n|t:|1788295681\n|move|p2a: Corviknight|Defog|p1a: Araquanid\n|-unboost|p1a: Araquanid|evasion|0\n|-sideend|p2: tony4939312|Sticky Web|[from] move: Defog|[of] p2a: Corviknight\n|move|p1a: Araquanid|Sticky Web|p2a: Corviknight\n|-sidestart|p2: tony4939312|move: Sticky Web\n|\n|upkeep\n|turn|11\n|\n|t:|1788295683\n|move|p2a: Corviknight|Defog|p1a: Araquanid\n|-unboost|p1a: Araquanid|evasion|0\n|-sideend|p2: tony4939312|Sticky Web|[from] move: Defog|[of] p2a: Corviknight\n|move|p1a: Araquanid|Sticky Web|p2a: Corviknight\n|-sidestart|p2: tony4939312|move: Sticky Web\n|\n|upkeep\n|turn|12\n|\n|t:|1788295685\n|move|p2a: Corviknight|Defog|p1a: Araquanid\n|-unboost|p1a: Araquanid|evasion|0\n|-sideend|p2: tony4939312|Sticky Web|[from] move: Defog|[of] p2a: Corviknight\n|move|p1a: Araquanid|Sticky Web|p2a: Corviknight\n|-sidestart|p2: tony4939312|move: Sticky Web\n|\n|upkeep\n|turn|13\n|\n|t:|1788295688\n|move|p2a: Corviknight|Defog|p1a: Araquanid\n|-unboost|p1a: Araquanid|evasion|0\n|-sideend|p2: tony4939312|Sticky Web|[from] move: Defog|[of] p2a: Corviknight\n|move|p1a: Araquanid|Sticky Web|p2a: Corviknight\n|-sidestart|p2: tony4939312|move: Sticky Web\n|\n|upkeep\n|turn|14\n|\n|t:|1788295689\n|move|p2a: Corviknight|Defog|p1a: Araquanid\n|-unboost|p1a: Araquanid|evasion|0\n|-sideend|p2: tony4939312|Sticky Web|[from] move: Defog|[of] p2a: Corviknight\n|move|p1a: Araquanid|Sticky Web|p2a: Corviknight\n|-sidestart|p2: tony4939312|move: Sticky Web\n|\n|upkeep\n|turn|15\n|\n|t:|1788295690\n|move|p2a: Corviknight|U-turn|p1a: Araquanid\n|-damage|p1a: Araquanid|0 fnt\n|faint|p1a: Araquanid\n|\n|t:|1788295694\n|switch|p2a: Raging Bolt|Raging Bolt|100/100|[from] U-turn\n|-activate|p2a: Raging Bolt|move: Sticky Web\n|-unboost|p2a: Raging Bolt|spe|1\n|\n|upkeep\n|\n|t:|1788295718\n|switch|p1a: Gliscor|Gliscor, M|100/100\n|turn|16\n|\n|t:|1788295726\n|move|p1a: Gliscor|Earthquake|p2a: Raging Bolt\n|-supereffective|p2a: Raging Bolt\n|-damage|p2a: Raging Bolt|46/100\n|move|p2a: Raging Bolt|Draco Meteor|p1a: Gliscor\n|-damage|p1a: Gliscor|0 fnt\n|-unboost|p2a: Raging Bolt|spa|2\n|faint|p1a: Gliscor\n|\n|upkeep\n|\n|t:|1788295736\n|switch|p1a: Cinderace|Cinderace, M|100/100\n|turn|17\n|\n|t:|1788295742\n|-end|p2a: Raging Bolt|Protosynthesis|[silent]\n|switch|p2a: Corviknight|Corviknight, F|93/100\n|-ability|p2a: Corviknight|Pressure\n|move|p1a: Cinderace|Court Change|p1a: Cinderace\n|-swapsideconditions\n|-activate|p1a: Cinderace|move: Court Change\n|\n|upkeep\n|turn|18\n|\n|t:|1788295759\n|switch|p1a: Articuno|Articuno-Galar|100/100\n|-activate|p1a: Articuno|move: Sticky Web\n|-unboost|p1a: Articuno|spe|1\n|-ability|p1a: Articuno|Competitive|boost\n|-boost|p1a: Articuno|spa|2\n|-terastallize|p2a: Corviknight|Dragon\n|move|p2a: Corviknight|Defog|p1a: Articuno\n|-unboost|p1a: Articuno|evasion|1\n|-ability|p1a: Articuno|Competitive|boost\n|-boost|p1a: Articuno|spa|2\n|-sideend|p1: Maddsuccc|Sticky Web|[from] move: Defog|[of] p2a: Corviknight\n|\n|upkeep\n|turn|19\n|\n|t:|1788295788\n|move|p2a: Corviknight|U-turn|p1a: Articuno\n|-damage|p1a: Articuno|86/100\n|\n|t:|1788295791\n|switch|p2a: Meowscarada|Meowscarada, F|100/100|[from] U-turn\n|move|p1a: Articuno|Trick Room|p1a: Articuno\n|-fieldstart|move: Trick Room|[of] p1a: Articuno\n|\n|upkeep\n|turn|20\n|\n|t:|1788295800\n|move|p2a: Meowscarada|Sucker Punch|p1a: Articuno\n|-start|p2a: Meowscarada|typechange|Dark|[from] ability: Protean\n|-supereffective|p1a: Articuno\n|-damage|p1a: Articuno|13/100\n|move|p1a: Articuno|Hurricane|p2a: Meowscarada|[miss]\n|-miss|p1a: Articuno|p2a: Meowscarada\n|\n|upkeep\n|turn|21\n|\n|t:|1788295811\n|move|p2a: Meowscarada|Sucker Punch|p1a: Articuno\n|-supereffective|p1a: Articuno\n|-damage|p1a: Articuno|0 fnt\n|faint|p1a: Articuno\n|\n|upkeep\n|inactive|Maddsuccc has 120 seconds left.\n|\n|t:|1788295841\n|switch|p1a: Kingambit|Kingambit, F|100/100\n|turn|22\n|\n|t:|1788295847\n|switch|p2a: Corviknight|Corviknight, F, tera:Dragon|93/100\n|-ability|p2a: Corviknight|Pressure\n|move|p1a: Kingambit|Swords Dance|p1a: Kingambit\n|-boost|p1a: Kingambit|atk|2\n|\n|upkeep\n|turn|23\n|\n|t:|1788295860\n|-terastallize|p1a: Kingambit|Dark\n|move|p2a: Corviknight|Protect|p2a: Corviknight\n|-singleturn|p2a: Corviknight|Protect\n|move|p1a: Kingambit|Kowtow Cleave|p2a: Corviknight\n|-activate|p2a: Corviknight|move: Protect\n|\n|-fieldend|move: Trick Room\n|upkeep\n|turn|24\n|\n|t:|1788295869\n|move|p2a: Corviknight|U-turn|p1a: Kingambit\n|-supereffective|p1a: Kingambit\n|-damage|p1a: Kingambit|79/100\n|\n|t:|1788295871\n|switch|p2a: Meowscarada|Meowscarada, F|100/100|[from] U-turn\n|move|p1a: Kingambit|Swords Dance|p1a: Kingambit\n|-boost|p1a: Kingambit|atk|2\n|\n|upkeep\n|turn|25\n|\n|t:|1788295878\n|move|p2a: Meowscarada|Trick|p1a: Kingambit\n|-start|p2a: Meowscarada|typechange|Psychic|[from] ability: Protean\n|-activate|p2a: Meowscarada|move: Trick|[of] p1a: Kingambit\n|-item|p1a: Kingambit|Choice Scarf|[from] move: Trick\n|-item|p2a: Meowscarada|Black Glasses|[from] move: Trick\n|move|p1a: Kingambit|Kowtow Cleave|p2a: Meowscarada\n|-supereffective|p2a: Meowscarada\n|-damage|p2a: Meowscarada|0 fnt\n|faint|p2a: Meowscarada\n|\n|upkeep\n|\n|t:|1788295890\n|switch|p2a: Raging Bolt|Raging Bolt|46/100\n|turn|26\n|\n|t:|1788295892\n|move|p2a: Raging Bolt|Thunderclap|p1a: Kingambit\n|-damage|p1a: Kingambit|22/100\n|move|p1a: Kingambit|Kowtow Cleave|p2a: Raging Bolt\n|-damage|p2a: Raging Bolt|0 fnt\n|faint|p2a: Raging Bolt\n|-end|p2a: Raging Bolt|Protosynthesis|[silent]\n|\n|upkeep\n|\n|t:|1788295896\n|switch|p2a: Iron Valiant|Iron Valiant|100/100\n|-enditem|p2a: Iron Valiant|Booster Energy\n|-activate|p2a: Iron Valiant|ability: Quark Drive|[fromitem]\n|-start|p2a: Iron Valiant|quarkdrivespe\n|turn|27\n|\n|t:|1788295900\n|move|p2a: Iron Valiant|Moonblast|p1a: Kingambit\n|-supereffective|p1a: Kingambit\n|-damage|p1a: Kingambit|0 fnt\n|faint|p1a: Kingambit\n|\n|upkeep\n|\n|t:|1788295918\n|switch|p1a: Enamorus|Enamorus, F|100/100\n|turn|28\n|\n|t:|1788295929\n|move|p2a: Iron Valiant|Destiny Bond|p2a: Iron Valiant\n|-singlemove|p2a: Iron Valiant|Destiny Bond\n|move|p1a: Enamorus|Earth Power|p2a: Iron Valiant\n|-damage|p2a: Iron Valiant|7/100\n|\n|upkeep\n|turn|29\n|\n|t:|1788295932\n|move|p1a: Enamorus|Earth Power|p2a: Iron Valiant\n|-damage|p2a: Iron Valiant|0 fnt\n|faint|p2a: Iron Valiant\n|-activate|p2a: Iron Valiant|move: Destiny Bond\n|-end|p2a: Iron Valiant|Quark Drive|[silent]\n|faint|p1a: Enamorus\n|\n|upkeep\n|\n|t:|1788295939\n|switch|p2a: Ceruledge|Ceruledge, F|100/100\n|switch|p1a: Cinderace|Cinderace, M|100/100\n|turn|30\n|\n|t:|1788295947\n|move|p1a: Cinderace|Sucker Punch|p2a: Ceruledge\n|-supereffective|p2a: Ceruledge\n|-damage|p2a: Ceruledge|50/100\n|move|p2a: Ceruledge|Bitter Blade|p1a: Cinderace\n|-resisted|p1a: Cinderace\n|-damage|p1a: Cinderace|65/100\n|-heal|p2a: Ceruledge|68/100|[from] drain|[of] p1a: Cinderace\n|\n|upkeep\n|turn|31\n|\n|t:|1788295952\n|move|p1a: Cinderace|Swords Dance|p1a: Cinderace\n|-boost|p1a: Cinderace|atk|2\n|move|p2a: Ceruledge|Bulk Up|p2a: Ceruledge\n|-boost|p2a: Ceruledge|atk|1\n|-boost|p2a: Ceruledge|def|1\n|\n|upkeep\n|turn|32\n|\n|t:|1788295955\n|move|p1a: Cinderace|Sucker Punch|p2a: Ceruledge\n|-supereffective|p2a: Ceruledge\n|-damage|p2a: Ceruledge|8/100\n|move|p2a: Ceruledge|Bitter Blade|p1a: Cinderace\n|-resisted|p1a: Cinderace\n|-damage|p1a: Cinderace|16/100\n|-heal|p2a: Ceruledge|34/100|[from] drain|[of] p1a: Cinderace\n|\n|upkeep\n|turn|33\n|\n|t:|1788295958\n|move|p2a: Ceruledge|Shadow Sneak|p1a: Cinderace\n|-damage|p1a: Cinderace|0 fnt\n|faint|p1a: Cinderace\n|\n|win|tony4939312\n|raw|Maddsuccc's rating: 1396 &rarr; <strong>1379</strong><br />(-17 for losing)\n|raw|tony4939312's rating: 1450 &rarr; <strong>1467</strong><br />(+17 for winning)\n|l|\u2606Maddsuccc\n|player|p1|\n|l|\u2606tony4939312\n|player|p2|\n", "uploadtime": 1788296304, "views": "4", "formatid": "gen9ou", "rating": 1379, "private": 0, "password": null}