{"id": "gen9ou-2673920823", "format": "[Gen 9] OU", "players": ["LeDragSosa", "kangarooteam1"], "log": "|j|\u2606LeDragSosa\n|j|\u2606kangarooteam1\n|t:|1788277303\n|gametype|singles\n|player|p1|LeDragSosa|cyrus|1579\n|player|p2|kangarooteam1|1|1672\n|gen|9\n|tier|[Gen 9] OU\n|rated|\n|rule|HP Percentage Mod: HP is shown in percentages\n|rule|Endless Battle Clause: Forcing endless battles is banned\n|rule|Species Clause: Limit one of each Pok\u00e9mon\n|rule|OHKO Clause: OHKO moves are banned\n|rule|Evasion Items Clause: Evasion items are banned\n|rule|Evasion Moves Clause: Evasion moves are banned\n|rule|Evasion Abilities Clause: Evasion abilities are banned\n|rule|Sleep Moves Clause: Sleep-inducing moves are banned\n|clearpoke\n|poke|p1|Araquanid, M|\n|poke|p1|Hoopa-Unbound|\n|poke|p1|Iron Valiant|\n|poke|p1|Toxtricity, M|\n|poke|p1|Dragonite, M|\n|poke|p1|Iron Treads|\n|poke|p2|Great Tusk|\n|poke|p2|Gholdengo|\n|poke|p2|Raging Bolt|\n|poke|p2|Iron Valiant|\n|poke|p2|Ogerpon-Wellspring, F|\n|poke|p2|Kingambit, F|\n|teampreview\n|inactive|Battle timer is ON: inactive players will automatically lose when time's up. (requested by LeDragSosa)\n|inactive|kangarooteam1 also wants the timer to be on.\n|\n|t:|1788277313\n|teamsize|p1|6\n|teamsize|p2|6\n|start\n|switch|p1a: Araquanid|Araquanid, M|100/100\n|switch|p2a: Kingambit|Kingambit, F|100/100\n|turn|1\n|\n|t:|1788277315\n|move|p2a: Kingambit|Swords Dance|p2a: Kingambit\n|-boost|p2a: Kingambit|atk|2\n|move|p1a: Araquanid|Liquidation|p2a: Kingambit\n|-damage|p2a: Kingambit|44/100\n|\n|-heal|p2a: Kingambit|50/100|[from] item: Leftovers\n|upkeep\n|turn|2\n|\n|t:|1788277321\n|switch|p1a: Iron Treads|Iron Treads|100/100\n|-enditem|p1a: Iron Treads|Booster Energy\n|-activate|p1a: Iron Treads|ability: Quark Drive|[fromitem]\n|-start|p1a: Iron Treads|quarkdrivespe\n|move|p2a: Kingambit|Kowtow Cleave|p1a: Iron Treads\n|-damage|p1a: Iron Treads|9/100\n|\n|-heal|p2a: Kingambit|56/100|[from] item: Leftovers\n|upkeep\n|turn|3\n|\n|t:|1788277323\n|move|p2a: Kingambit|Sucker Punch||[still]\n|-fail|p2a: Kingambit\n|move|p1a: Iron Treads|Stealth Rock|p2a: Kingambit\n|-sidestart|p2: kangarooteam1|move: Stealth Rock\n|\n|-heal|p2a: Kingambit|62/100|[from] item: Leftovers\n|upkeep\n|turn|4\n|\n|t:|1788277325\n|move|p2a: Kingambit|Sucker Punch|p1a: Iron Treads\n|-damage|p1a: Iron Treads|0 fnt\n|faint|p1a: Iron Treads\n|-end|p1a: Iron Treads|Quark Drive|[silent]\n|\n|-heal|p2a: Kingambit|69/100|[from] item: Leftovers\n|upkeep\n|\n|t:|1788277327\n|switch|p1a: Iron Valiant|Iron Valiant|100/100\n|-enditem|p1a: Iron Valiant|Booster Energy\n|-activate|p1a: Iron Valiant|ability: Quark Drive|[fromitem]\n|-start|p1a: Iron Valiant|quarkdrivespe\n|turn|5\n|\n|t:|1788277328\n|move|p1a: Iron Valiant|Encore|p2a: Kingambit\n|-start|p2a: Kingambit|Encore\n|move|p2a: Kingambit|Sucker Punch||[still]\n|-fail|p2a: Kingambit\n|\n|-heal|p2a: Kingambit|75/100|[from] item: Leftovers\n|upkeep\n|turn|6\n|\n|t:|1788277329\n|move|p2a: Kingambit|Sucker Punch||[still]\n|-fail|p2a: Kingambit\n|move|p1a: Iron Valiant|Calm Mind|p1a: Iron Valiant\n|-boost|p1a: Iron Valiant|spa|1\n|-boost|p1a: Iron Valiant|spd|1\n|\n|-heal|p2a: Kingambit|81/100|[from] item: Leftovers\n|upkeep\n|turn|7\n|\n|t:|1788277331\n|move|p2a: Kingambit|Sucker Punch||[still]\n|-fail|p2a: Kingambit\n|move|p1a: Iron Valiant|Calm Mind|p1a: Iron Valiant\n|-boost|p1a: Iron Valiant|spa|1\n|-boost|p1a: Iron Valiant|spd|1\n|\n|-heal|p2a: Kingambit|87/100|[from] item: Leftovers\n|-end|p2a: Kingambit|Encore\n|upkeep\n|turn|8\n|\n|t:|1788277332\n|move|p1a: Iron Valiant|Encore|p2a: Kingambit\n|-start|p2a: Kingambit|Encore\n|move|p2a: Kingambit|Sucker Punch||[still]\n|-fail|p2a: Kingambit\n|\n|-heal|p2a: Kingambit|94/100|[from] item: Leftovers\n|upkeep\n|turn|9\n|\n|t:|1788277334\n|move|p2a: Kingambit|Sucker Punch||[still]\n|-fail|p2a: Kingambit\n|move|p1a: Iron Valiant|Calm Mind|p1a: Iron Valiant\n|-boost|p1a: Iron Valiant|spa|1\n|-boost|p1a: Iron Valiant|spd|1\n|\n|-heal|p2a: Kingambit|99/100|[from] item: Leftovers\n|upkeep\n|turn|10\n|\n|t:|1788277336\n|move|p2a: Kingambit|Sucker Punch||[still]\n|-fail|p2a: Kingambit\n|move|p1a: Iron Valiant|Calm Mind|p1a: Iron Valiant\n|-boost|p1a: Iron Valiant|spa|1\n|-boost|p1a: Iron Valiant|spd|1\n|\n|-heal|p2a: Kingambit|100/100|[from] item: Leftovers\n|-end|p2a: Kingambit|Encore\n|upkeep\n|turn|11\n|\n|t:|1788277337\n|-end|p2a: Kingambit|fallenundefined|[silent]\n|switch|p2a: Gholdengo|Gholdengo|100/100\n|-damage|p2a: Gholdengo|94/100|[from] Stealth Rock\n|-item|p2a: Gholdengo|Air Balloon\n|move|p1a: Iron Valiant|Encore|p2a: Gholdengo\n|-immune|p2a: Gholdengo|[from] ability: Good as Gold\n|\n|upkeep\n|turn|12\n|\n|t:|1788277339\n|move|p1a: Iron Valiant|Shadow Ball|p2a: Gholdengo\n|-supereffective|p2a: Gholdengo\n|-damage|p2a: Gholdengo|0 fnt\n|-enditem|p2a: Gholdengo|Air Balloon\n|faint|p2a: Gholdengo\n|\n|upkeep\n|\n|t:|1788277340\n|switch|p2a: Iron Valiant|Iron Valiant|100/100\n|-damage|p2a: Iron Valiant|94/100|[from] Stealth Rock\n|-enditem|p2a: Iron Valiant|Booster Energy\n|-activate|p2a: Iron Valiant|ability: Quark Drive|[fromitem]\n|-start|p2a: Iron Valiant|quarkdrivespe\n|turn|13\n|\n|t:|1788277341\n|move|p2a: Iron Valiant|Encore|p1a: Iron Valiant\n|-start|p1a: Iron Valiant|Encore\n|move|p1a: Iron Valiant|Shadow Ball|p2a: Iron Valiant\n|-damage|p2a: Iron Valiant|0 fnt\n|faint|p2a: Iron Valiant\n|-end|p2a: Iron Valiant|Quark Drive|[silent]\n|\n|upkeep\n|\n|t:|1788277342\n|switch|p2a: Kingambit|Kingambit, F|100/100\n|-damage|p2a: Kingambit|94/100|[from] Stealth Rock\n|-activate|p2a: Kingambit|ability: Supreme Overlord\n|-start|p2a: Kingambit|fallen2|[silent]\n|turn|14\n|\n|t:|1788277346\n|-end|p1a: Iron Valiant|Quark Drive|[silent]\n|switch|p1a: Araquanid|Araquanid, M|100/100\n|move|p2a: Kingambit|Iron Head|p1a: Araquanid\n|-resisted|p1a: Araquanid\n|-damage|p1a: Araquanid|67/100\n|\n|-heal|p2a: Kingambit|100/100|[from] item: Leftovers\n|upkeep\n|turn|15\n|\n|t:|1788277347\n|move|p2a: Kingambit|Kowtow Cleave|p1a: Araquanid\n|-damage|p1a: Araquanid|0 fnt\n|faint|p1a: Araquanid\n|\n|upkeep\n|\n|t:|1788277359\n|switch|p1a: Hoopa|Hoopa-Unbound|100/100\n|turn|16\n|\n|t:|1788277363\n|move|p1a: Hoopa|Dark Pulse|p2a: Kingambit\n|-resisted|p2a: Kingambit\n|-damage|p2a: Kingambit|76/100\n|move|p2a: Kingambit|Iron Head|p1a: Hoopa\n|-damage|p1a: Hoopa|1/100\n|-enditem|p1a: Hoopa|Salac Berry|[eat]\n|-boost|p1a: Hoopa|spe|1|[from] item: Salac Berry\n|\n|-heal|p2a: Kingambit|83/100|[from] item: Leftovers\n|upkeep\n|turn|17\n|\n|t:|1788277368\n|move|p1a: Hoopa|Drain Punch|p2a: Kingambit\n|-supereffective|p2a: Kingambit\n|-damage|p2a: Kingambit|7/100\n|-heal|p1a: Hoopa|52/100|[from] drain|[of] p2a: Kingambit\n|-item|p1a: Hoopa|Leftovers|[from] ability: Magician|[of] p2a: Kingambit\n|move|p2a: Kingambit|Kowtow Cleave|p1a: Hoopa\n|-damage|p1a: Hoopa|0 fnt\n|faint|p1a: Hoopa\n|\n|upkeep\n|\n|t:|1788277372\n|switch|p1a: Iron Valiant|Iron Valiant|100/100\n|turn|18\n|\n|t:|1788277374\n|move|p1a: Iron Valiant|Moonblast|p2a: Kingambit\n|-damage|p2a: Kingambit|0 fnt\n|faint|p2a: Kingambit\n|-end|p2a: Kingambit|fallen2|[silent]\n|\n|upkeep\n|\n|t:|1788277375\n|switch|p2a: Great Tusk|Great Tusk|100/100\n|-damage|p2a: Great Tusk|98/100|[from] Stealth Rock\n|turn|19\n|\n|t:|1788277376\n|-terastallize|p2a: Great Tusk|Steel\n|move|p1a: Iron Valiant|Moonblast|p2a: Great Tusk\n|-resisted|p2a: Great Tusk\n|-damage|p2a: Great Tusk|67/100\n|move|p2a: Great Tusk|Earthquake|p1a: Iron Valiant\n|-damage|p1a: Iron Valiant|46/100\n|\n|-heal|p2a: Great Tusk|74/100|[from] item: Leftovers\n|upkeep\n|turn|20\n|\n|t:|1788277380\n|move|p1a: Iron Valiant|Shadow Ball|p2a: Great Tusk\n|-damage|p2a: Great Tusk|42/100\n|move|p2a: Great Tusk|Stealth Rock|p1a: Iron Valiant\n|-sidestart|p1: LeDragSosa|move: Stealth Rock\n|\n|-heal|p2a: Great Tusk|48/100|[from] item: Leftovers\n|upkeep\n|turn|21\n|\n|t:|1788277381\n|move|p1a: Iron Valiant|Shadow Ball|p2a: Great Tusk\n|-damage|p2a: Great Tusk|17/100\n|move|p2a: Great Tusk|Earthquake|p1a: Iron Valiant\n|-damage|p1a: Iron Valiant|0 fnt\n|faint|p1a: Iron Valiant\n|-end|p1a: Iron Valiant|Quark Drive|[silent]\n|\n|-heal|p2a: Great Tusk|23/100|[from] item: Leftovers\n|upkeep\n|\n|t:|1788277384\n|switch|p1a: Dragonite|Dragonite, M|100/100\n|turn|22\n|\n|t:|1788277387\n|move|p1a: Dragonite|Dragon Dance|p1a: Dragonite\n|-boost|p1a: Dragonite|atk|1\n|-boost|p1a: Dragonite|spe|1\n|move|p2a: Great Tusk|Rapid Spin|p1a: Dragonite\n|-damage|p1a: Dragonite|93/100\n|-boost|p2a: Great Tusk|spe|1\n|-sideend|p2: kangarooteam1|Stealth Rock|[from] move: Rapid Spin|[of] p2a: Great Tusk\n|\n|-heal|p2a: Great Tusk|30/100|[from] item: Leftovers\n|upkeep\n|turn|23\n|\n|t:|1788277391\n|-terastallize|p1a: Dragonite|Normal\n|move|p1a: Dragonite|Dragon Dance|p1a: Dragonite\n|-boost|p1a: Dragonite|atk|1\n|-boost|p1a: Dragonite|spe|1\n|move|p2a: Great Tusk|Knock Off|p1a: Dragonite\n|-damage|p1a: Dragonite|63/100\n|-enditem|p1a: Dragonite|Heavy-Duty Boots|[from] move: Knock Off|[of] p2a: Great Tusk\n|\n|-heal|p2a: Great Tusk|36/100|[from] item: Leftovers\n|upkeep\n|turn|24\n|\n|t:|1788277396\n|-end|p2a: Great Tusk|Protosynthesis|[silent]\n|switch|p2a: Ogerpon|Ogerpon-Wellspring, F|100/100\n|move|p1a: Dragonite|Earthquake|p2a: Ogerpon\n|-resisted|p2a: Ogerpon\n|-damage|p2a: Ogerpon|50/100\n|\n|upkeep\n|turn|25\n|\n|t:|1788277398\n|switch|p2a: Raging Bolt|Raging Bolt|100/100\n|move|p1a: Dragonite|Ice Spinner|p2a: Raging Bolt\n|-supereffective|p2a: Raging Bolt\n|-damage|p2a: Raging Bolt|5/100\n|\n|-heal|p2a: Raging Bolt|11/100|[from] item: Leftovers\n|upkeep\n|turn|26\n|c|\u2606LeDragSosa|tf\n|c|\u2606LeDragSosa|lmao\n|\n|t:|1788277407\n|-end|p2a: Raging Bolt|Protosynthesis|[silent]\n|switch|p2a: Great Tusk|Great Tusk, tera:Steel|36/100\n|move|p1a: Dragonite|Extreme Speed|p2a: Great Tusk\n|-resisted|p2a: Great Tusk\n|-damage|p2a: Great Tusk|13/100\n|\n|-heal|p2a: Great Tusk|20/100|[from] item: Leftovers\n|upkeep\n|turn|27\n|\n|t:|1788277410\n|-end|p2a: Great Tusk|Protosynthesis|[silent]\n|switch|p2a: Raging Bolt|Raging Bolt|11/100\n|move|p1a: Dragonite|Ice Spinner|p2a: Raging Bolt\n|-supereffective|p2a: Raging Bolt\n|-damage|p2a: Raging Bolt|0 fnt\n|faint|p2a: Raging Bolt\n|-end|p2a: Raging Bolt|Protosynthesis|[silent]\n|\n|upkeep\n|\n|t:|1788277410\n|switch|p2a: Ogerpon|Ogerpon-Wellspring, F|50/100\n|turn|28\n|\n|t:|1788277412\n|move|p1a: Dragonite|Ice Spinner|p2a: Ogerpon\n|-damage|p2a: Ogerpon|0 fnt\n|faint|p2a: Ogerpon\n|\n|upkeep\n|\n|t:|1788277413\n|switch|p2a: Great Tusk|Great Tusk, tera:Steel|20/100\n|turn|29\n|j| Seteshy\n|\n|t:|1788277414\n|move|p1a: Dragonite|Earthquake|p2a: Great Tusk\n|-supereffective|p2a: Great Tusk\n|-damage|p2a: Great Tusk|0 fnt\n|faint|p2a: Great Tusk\n|-end|p2a: Great Tusk|Protosynthesis|[silent]\n|\n|win|LeDragSosa\n|raw|LeDragSosa's rating: 1579 &rarr; <strong>1604</strong><br />(+25 for winning)\n|raw|kangarooteam1's rating: 1672 &rarr; <strong>1647</strong><br />(-25 for losing)\n", "uploadtime": 1788277415, "views": "2", "formatid": "gen9ou", "rating": 1604, "private": 0, "password": null}