{"id": "gen9ou-2673861573", "format": "[Gen 9] OU", "players": ["WiildSide", "ttv_real"], "log": "|j|\u2606WiildSide\n|j|\u2606ttv_real\n|t:|1788269917\n|gametype|singles\n|player|p1|WiildSide|striker|1530\n|player|p2|ttv_real|1|1510\n|gen|9\n|tier|[Gen 9] OU\n|rated|\n|rule|HP Percentage Mod: HP is shown in percentages\n|rule|Endless Battle Clause: Forcing endless battles is banned\n|rule|Species Clause: Limit one of each Pok\u00e9mon\n|rule|OHKO Clause: OHKO moves are banned\n|rule|Evasion Items Clause: Evasion items are banned\n|rule|Evasion Moves Clause: Evasion moves are banned\n|rule|Evasion Abilities Clause: Evasion abilities are banned\n|rule|Sleep Moves Clause: Sleep-inducing moves are banned\n|clearpoke\n|poke|p1|Cresselia, F|\n|poke|p1|Samurott-Hisui, F|\n|poke|p1|Garchomp, F|\n|poke|p1|Great Tusk|\n|poke|p1|Gholdengo|\n|poke|p1|Zamazenta-*|\n|poke|p2|Mew|\n|poke|p2|Ogerpon-Wellspring, F|\n|poke|p2|Great Tusk|\n|poke|p2|Kingambit, M|\n|poke|p2|Moltres|\n|poke|p2|Zamazenta-*|\n|teampreview\n|inactive|Battle timer is ON: inactive players will automatically lose when time's up. (requested by WiildSide)\n|j| Slashutu\n|inactive|WiildSide has 120 seconds left.\n|\n|t:|1788269956\n|teamsize|p1|6\n|teamsize|p2|6\n|start\n|switch|p1a: Garchomp|Garchomp, F|100/100\n|switch|p2a: Ogerpon|Ogerpon-Wellspring, F|100/100\n|turn|1\n|\n|t:|1788269965\n|move|p2a: Ogerpon|Knock Off|p1a: Garchomp\n|-damage|p1a: Garchomp|75/100\n|-damage|p2a: Ogerpon|88/100|[from] ability: Rough Skin|[of] p1a: Garchomp\n|-damage|p2a: Ogerpon|72/100|[from] item: Rocky Helmet|[of] p1a: Garchomp\n|-enditem|p1a: Garchomp|Rocky Helmet|[from] move: Knock Off|[of] p2a: Ogerpon\n|move|p1a: Garchomp|Dragon Tail|p2a: Ogerpon\n|-damage|p2a: Ogerpon|41/100\n|drag|p2a: Zamazenta|Zamazenta|100/100\n|-ability|p2a: Zamazenta|Dauntless Shield|boost\n|-boost|p2a: Zamazenta|def|1\n|\n|upkeep\n|turn|2\n|\n|t:|1788269980\n|move|p2a: Zamazenta|Close Combat|p1a: Garchomp\n|-crit|p1a: Garchomp\n|-damage|p1a: Garchomp|22/100\n|-unboost|p2a: Zamazenta|def|1\n|-unboost|p2a: Zamazenta|spd|1\n|-damage|p2a: Zamazenta|88/100|[from] ability: Rough Skin|[of] p1a: Garchomp\n|move|p1a: Garchomp|Dragon Tail|p2a: Zamazenta\n|-damage|p2a: Zamazenta|68/100\n|drag|p2a: Mew|Mew|100/100\n|\n|upkeep\n|turn|3\n|\n|t:|1788269991\n|move|p2a: Mew|Aura Sphere|p1a: Garchomp\n|-damage|p1a: Garchomp|1/100\n|move|p1a: Garchomp|Stealth Rock|p2a: Mew\n|-sidestart|p2: ttv_real|move: Stealth Rock\n|\n|upkeep\n|turn|4\n|\n|t:|1788269997\n|move|p2a: Mew|Aura Sphere|p1a: Garchomp\n|-damage|p1a: Garchomp|0 fnt\n|faint|p1a: Garchomp\n|\n|upkeep\n|\n|t:|1788270002\n|switch|p1a: Samurott|Samurott-Hisui, F|100/100\n|turn|5\n|\n|t:|1788270011\n|switch|p2a: Zamazenta|Zamazenta|68/100\n|-damage|p2a: Zamazenta|62/100|[from] Stealth Rock\n|move|p1a: Samurott|Knock Off|p2a: Zamazenta\n|-resisted|p2a: Zamazenta\n|-damage|p2a: Zamazenta|44/100\n|-enditem|p2a: Zamazenta|Assault Vest|[from] move: Knock Off|[of] p1a: Samurott\n|\n|upkeep\n|turn|6\n|\n|t:|1788270017\n|switch|p1a: Gholdengo|Gholdengo|100/100\n|move|p2a: Zamazenta|Close Combat|p1a: Gholdengo\n|-immune|p1a: Gholdengo\n|\n|upkeep\n|turn|7\n|l| Slashutu\n|\n|t:|1788270022\n|move|p1a: Gholdengo|Make It Rain|p2a: Zamazenta\n|-damage|p2a: Zamazenta|0 fnt\n|-unboost|p1a: Gholdengo|spa|1\n|faint|p2a: Zamazenta\n|\n|upkeep\n|\n|t:|1788270023\n|switch|p2a: Moltres|Moltres|100/100\n|turn|8\n|\n|t:|1788270028\n|switch|p1a: Samurott|Samurott-Hisui, F|100/100\n|move|p2a: Moltres|U-turn|p1a: Samurott\n|-supereffective|p1a: Samurott\n|-damage|p1a: Samurott|64/100\n|\n|t:|1788270030\n|switch|p2a: Ogerpon|Ogerpon-Wellspring, F|41/100|[from] U-turn\n|-damage|p2a: Ogerpon|28/100|[from] Stealth Rock\n|\n|upkeep\n|turn|9\n|\n|t:|1788270034\n|move|p1a: Samurott|Sucker Punch|p2a: Ogerpon\n|-damage|p2a: Ogerpon|0 fnt\n|faint|p2a: Ogerpon\n|\n|upkeep\n|\n|t:|1788270037\n|switch|p2a: Great Tusk|Great Tusk|100/100\n|-damage|p2a: Great Tusk|98/100|[from] Stealth Rock\n|-enditem|p2a: Great Tusk|Booster Energy\n|-activate|p2a: Great Tusk|ability: Protosynthesis|[fromitem]\n|-start|p2a: Great Tusk|protosynthesisspe\n|turn|10\n|\n|t:|1788270042\n|switch|p1a: Great Tusk|Great Tusk|100/100\n|move|p2a: Great Tusk|Rapid Spin|p1a: Great Tusk\n|-damage|p1a: Great Tusk|90/100\n|-boost|p2a: Great Tusk|spe|1\n|-sideend|p2: ttv_real|Stealth Rock|[from] move: Rapid Spin|[of] p2a: Great Tusk\n|\n|upkeep\n|turn|11\n|\n|t:|1788270048\n|move|p2a: Great Tusk|Ice Spinner|p1a: Great Tusk\n|-supereffective|p1a: Great Tusk\n|-damage|p1a: Great Tusk|55/100\n|move|p1a: Great Tusk|Ice Spinner|p2a: Great Tusk\n|-supereffective|p2a: Great Tusk\n|-damage|p2a: Great Tusk|53/100\n|\n|upkeep\n|turn|12\n|\n|t:|1788270067\n|move|p2a: Great Tusk|Ice Spinner|p1a: Great Tusk\n|-supereffective|p1a: Great Tusk\n|-damage|p1a: Great Tusk|25/100\n|move|p1a: Great Tusk|Ice Spinner|p2a: Great Tusk\n|-supereffective|p2a: Great Tusk\n|-damage|p2a: Great Tusk|11/100\n|\n|upkeep\n|turn|13\n|\n|t:|1788270079\n|-end|p1a: Great Tusk|Protosynthesis|[silent]\n|switch|p1a: Zamazenta|Zamazenta|100/100\n|-ability|p1a: Zamazenta|Dauntless Shield|boost\n|-boost|p1a: Zamazenta|def|1\n|move|p2a: Great Tusk|Ice Spinner|p1a: Zamazenta\n|-damage|p1a: Zamazenta|90/100\n|\n|-heal|p1a: Zamazenta|96/100|[from] item: Leftovers\n|upkeep\n|turn|14\n|\n|t:|1788270085\n|move|p2a: Great Tusk|Headlong Rush|p1a: Zamazenta\n|-damage|p1a: Zamazenta|71/100\n|-unboost|p2a: Great Tusk|def|1\n|-unboost|p2a: Great Tusk|spd|1\n|move|p1a: Zamazenta|Roar|p2a: Great Tusk\n|-end|p2a: Great Tusk|Protosynthesis|[silent]\n|drag|p2a: Mew|Mew|100/100\n|\n|-heal|p1a: Zamazenta|77/100|[from] item: Leftovers\n|upkeep\n|turn|15\n|\n|t:|1788270100\n|switch|p1a: Great Tusk|Great Tusk|25/100\n|switch|p2a: Moltres|Moltres|100/100\n|\n|upkeep\n|turn|16\n|\n|t:|1788270109\n|move|p1a: Great Tusk|Close Combat|p2a: Moltres\n|-resisted|p2a: Moltres\n|-damage|p2a: Moltres|67/100\n|-unboost|p1a: Great Tusk|def|1\n|-unboost|p1a: Great Tusk|spd|1\n|move|p2a: Moltres|Flamethrower|p1a: Great Tusk\n|-damage|p1a: Great Tusk|0 fnt\n|faint|p1a: Great Tusk\n|-end|p1a: Great Tusk|Protosynthesis|[silent]\n|\n|upkeep\n|\n|t:|1788270118\n|switch|p1a: Cresselia|Cresselia, F|100/100\n|turn|17\n|\n|t:|1788270120\n|move|p1a: Cresselia|Calm Mind|p1a: Cresselia\n|-boost|p1a: Cresselia|spa|1\n|-boost|p1a: Cresselia|spd|1\n|move|p2a: Moltres|U-turn|p1a: Cresselia\n|-supereffective|p1a: Cresselia\n|-damage|p1a: Cresselia|83/100\n|\n|t:|1788270122\n|switch|p2a: Kingambit|Kingambit, M|100/100|[from] U-turn\n|-activate|p2a: Kingambit|ability: Supreme Overlord\n|-start|p2a: Kingambit|fallen2|[silent]\n|\n|upkeep\n|turn|18\n|\n|t:|1788270126\n|-terastallize|p1a: Cresselia|Poison\n|move|p1a: Cresselia|Calm Mind|p1a: Cresselia\n|-boost|p1a: Cresselia|spa|1\n|-boost|p1a: Cresselia|spd|1\n|move|p2a: Kingambit|Kowtow Cleave|p1a: Cresselia\n|-damage|p1a: Cresselia|53/100\n|\n|upkeep\n|turn|19\n|\n|t:|1788270135\n|move|p1a: Cresselia|Moonlight|p1a: Cresselia\n|-heal|p1a: Cresselia|100/100\n|move|p2a: Kingambit|Swords Dance|p2a: Kingambit\n|-boost|p2a: Kingambit|atk|2\n|\n|upkeep\n|turn|20\n|\n|t:|1788270138\n|move|p1a: Cresselia|Moonblast|p2a: Kingambit\n|-damage|p2a: Kingambit|70/100\n|move|p2a: Kingambit|Kowtow Cleave|p1a: Cresselia\n|-damage|p1a: Cresselia|31/100\n|\n|-heal|p2a: Kingambit|76/100|[from] item: Leftovers\n|upkeep\n|turn|21\n|\n|t:|1788270149\n|switch|p1a: Samurott|Samurott-Hisui, F|64/100\n|move|p2a: Kingambit|Kowtow Cleave|p1a: Samurott\n|-resisted|p1a: Samurott\n|-damage|p1a: Samurott|0 fnt\n|faint|p1a: Samurott\n|\n|-heal|p2a: Kingambit|82/100|[from] item: Leftovers\n|upkeep\n|\n|t:|1788270154\n|switch|p1a: Zamazenta|Zamazenta|77/100\n|turn|22\n|\n|t:|1788270157\n|-terastallize|p2a: Kingambit|Ghost\n|move|p1a: Zamazenta|Iron Defense|p1a: Zamazenta\n|-boost|p1a: Zamazenta|def|2\n|move|p2a: Kingambit|Iron Head|p1a: Zamazenta\n|-damage|p1a: Zamazenta|36/100\n|\n|-heal|p1a: Zamazenta|42/100|[from] item: Leftovers\n|-heal|p2a: Kingambit|89/100|[from] item: Leftovers\n|upkeep\n|turn|23\n|\n|t:|1788270160\n|move|p1a: Zamazenta|Crunch|p2a: Kingambit\n|-supereffective|p2a: Kingambit\n|-damage|p2a: Kingambit|56/100\n|move|p2a: Kingambit|Iron Head|p1a: Zamazenta\n|-damage|p1a: Zamazenta|0 fnt\n|faint|p1a: Zamazenta\n|\n|-heal|p2a: Kingambit|62/100|[from] item: Leftovers\n|upkeep\n|\n|t:|1788270165\n|switch|p1a: Gholdengo|Gholdengo|100/100\n|turn|24\n|\n|t:|1788270168\n|-end|p2a: Kingambit|fallen2|[silent]\n|switch|p2a: Moltres|Moltres|67/100\n|move|p1a: Gholdengo|Thunder Wave|p2a: Moltres\n|-status|p2a: Moltres|par\n|\n|upkeep\n|turn|25\n|\n|t:|1788270170\n|switch|p1a: Cresselia|Cresselia, F, tera:Poison|31/100\n|move|p2a: Moltres|U-turn|p1a: Cresselia\n|-resisted|p1a: Cresselia\n|-damage|p1a: Cresselia|27/100\n|\n|t:|1788270173\n|switch|p2a: Mew|Mew|100/100|[from] U-turn\n|\n|upkeep\n|turn|26\n|\n|t:|1788270176\n|move|p2a: Mew|Psyshock|p1a: Cresselia\n|-supereffective|p1a: Cresselia\n|-damage|p1a: Cresselia|0 fnt\n|faint|p1a: Cresselia\n|\n|upkeep\n|\n|t:|1788270178\n|switch|p1a: Gholdengo|Gholdengo|100/100\n|turn|27\n|\n|t:|1788270183\n|move|p1a: Gholdengo|Shadow Ball|p2a: Mew\n|-supereffective|p2a: Mew\n|-damage|p2a: Mew|23/100\n|-unboost|p2a: Mew|spd|1\n|move|p2a: Mew|Shadow Ball|p1a: Gholdengo\n|-supereffective|p1a: Gholdengo\n|-damage|p1a: Gholdengo|44/100\n|\n|upkeep\n|turn|28\n|\n|t:|1788270189\n|move|p1a: Gholdengo|Shadow Ball|p2a: Mew\n|-supereffective|p2a: Mew\n|-damage|p2a: Mew|0 fnt\n|faint|p2a: Mew\n|\n|upkeep\n|\n|t:|1788270191\n|switch|p2a: Moltres|Moltres|67/100 par\n|turn|29\n|c|\u2606WiildSide|gge\n|c|\u2606WiildSide|geeg\n|\n|t:|1788270196\n|move|p1a: Gholdengo|Shadow Ball|p2a: Moltres\n|-damage|p2a: Moltres|35/100 par\n|move|p2a: Moltres|Flamethrower|p1a: Gholdengo\n|-supereffective|p1a: Gholdengo\n|-damage|p1a: Gholdengo|0 fnt\n|faint|p1a: Gholdengo\n|\n|win|ttv_real\n|raw|WiildSide's rating: 1530 &rarr; <strong>1509</strong><br />(-21 for losing)\n|raw|ttv_real's rating: 1510 &rarr; <strong>1531</strong><br />(+21 for winning)\n|l|\u2606WiildSide\n|player|p1|\n|l|\u2606ttv_real\n|player|p2|\n", "uploadtime": 1788270397, "views": "4", "formatid": "gen9ou", "rating": 1509, "private": 0, "password": null}