{"id": "gen9ou-2674038663", "format": "[Gen 9] OU", "players": ["ovalboi", "Flinger finger"], "log": "|j|\u2606ovalboi\n|j|\u2606Flinger finger\n|t:|1788291237\n|gametype|singles\n|player|p1|ovalboi|2|1582\n|player|p2|Flinger finger|169|1561\n|gen|9\n|tier|[Gen 9] OU\n|rated|\n|rule|HP Percentage Mod: HP is shown in percentages\n|rule|Endless Battle Clause: Forcing endless battles is banned\n|rule|Species Clause: Limit one of each Pok\u00e9mon\n|rule|OHKO Clause: OHKO moves are banned\n|rule|Evasion Items Clause: Evasion items are banned\n|rule|Evasion Moves Clause: Evasion moves are banned\n|rule|Evasion Abilities Clause: Evasion abilities are banned\n|rule|Sleep Moves Clause: Sleep-inducing moves are banned\n|clearpoke\n|poke|p1|Walking Wake|\n|poke|p1|Great Tusk|\n|poke|p1|Ninetales, M|\n|poke|p1|Cresselia, F|\n|poke|p1|Zarude|\n|poke|p1|Ceruledge, F|\n|poke|p2|Dragonite, F|\n|poke|p2|Great Tusk|\n|poke|p2|Deoxys-Speed|\n|poke|p2|Gholdengo|\n|poke|p2|Zamazenta-*|\n|poke|p2|Iron Valiant|\n|teampreview\n|inactive|Battle timer is ON: inactive players will automatically lose when time's up. (requested by Flinger finger)\n|j| gtycfrtrdirixdi\n|l| gtycfrtrdirixdi\n|j| Slashutu\n|\n|t:|1788291255\n|teamsize|p1|6\n|teamsize|p2|6\n|start\n|switch|p1a: Ninetales|Ninetales, M|100/100\n|switch|p2a: Deoxys|Deoxys-Speed|100/100\n|-ability|p2a: Deoxys|Pressure\n|-weather|SunnyDay|[from] ability: Drought|[of] p1a: Ninetales\n|turn|1\n|l| Slashutu\n|\n|t:|1788291264\n|move|p2a: Deoxys|Stealth Rock|p1a: Ninetales\n|-sidestart|p1: ovalboi|move: Stealth Rock\n|move|p1a: Ninetales|Overheat|p2a: Deoxys\n|-damage|p2a: Deoxys|18/100\n|-unboost|p1a: Ninetales|spa|2\n|\n|-weather|SunnyDay|[upkeep]\n|upkeep\n|turn|2\n|j| Puyu paz\n|\n|t:|1788291272\n|move|p2a: Deoxys|Spikes|p1a: Ninetales\n|-sidestart|p1: ovalboi|Spikes\n|move|p1a: Ninetales|Overheat|p2a: Deoxys\n|-damage|p2a: Deoxys|0 fnt\n|-unboost|p1a: Ninetales|spa|2\n|faint|p2a: Deoxys\n|\n|-weather|SunnyDay|[upkeep]\n|upkeep\n|\n|t:|1788291297\n|switch|p2a: Great Tusk|Great Tusk|100/100\n|-activate|p2a: Great Tusk|ability: Protosynthesis\n|-start|p2a: Great Tusk|protosynthesisspe\n|turn|3\n|\n|t:|1788291314\n|switch|p1a: Cresselia|Cresselia, F|100/100\n|-damage|p1a: Cresselia|88/100|[from] Stealth Rock\n|move|p2a: Great Tusk|Ice Spinner|p1a: Cresselia\n|-damage|p1a: Cresselia|73/100\n|-enditem|p1a: Cresselia|Eject Button\n|\n|t:|1788291322\n|switch|p1a: Walking Wake|Walking Wake|100/100\n|-damage|p1a: Walking Wake|88/100|[from] Stealth Rock\n|-damage|p1a: Walking Wake|76/100|[from] Spikes\n|-activate|p1a: Walking Wake|ability: Protosynthesis\n|-start|p1a: Walking Wake|protosynthesisspe\n|\n|-weather|SunnyDay|[upkeep]\n|upkeep\n|turn|4\n|\n|t:|1788291332\n|-end|p2a: Great Tusk|Protosynthesis|[silent]\n|switch|p2a: Gholdengo|Gholdengo|100/100\n|move|p1a: Walking Wake|Hydro Steam|p2a: Gholdengo\n|-damage|p2a: Gholdengo|39/100\n|\n|-weather|SunnyDay|[upkeep]\n|upkeep\n|turn|5\n|inactive|Flinger finger has 120 seconds left.\n|\n|t:|1788291382\n|move|p1a: Walking Wake|Hydro Steam|p2a: Gholdengo\n|-damage|p2a: Gholdengo|0 fnt\n|faint|p2a: Gholdengo\n|\n|-weather|SunnyDay|[upkeep]\n|upkeep\n|\n|t:|1788291390\n|switch|p2a: Iron Valiant|Iron Valiant|100/100\n|-enditem|p2a: Iron Valiant|Booster Energy\n|-activate|p2a: Iron Valiant|ability: Quark Drive|[fromitem]\n|-start|p2a: Iron Valiant|quarkdrivespe\n|turn|6\n|inactive|ovalboi has 120 seconds left.\n|\n|t:|1788291425\n|-terastallize|p1a: Walking Wake|Fairy\n|move|p2a: Iron Valiant|Moonblast|p1a: Walking Wake\n|-damage|p1a: Walking Wake|20/100\n|-unboost|p1a: Walking Wake|spa|1\n|move|p1a: Walking Wake|Hydro Steam|p2a: Iron Valiant\n|-damage|p2a: Iron Valiant|15/100\n|\n|-weather|SunnyDay|[upkeep]\n|upkeep\n|turn|7\n|inactive|ovalboi has 120 seconds left.\n|\n|t:|1788291440\n|-end|p1a: Walking Wake|Protosynthesis|[silent]\n|switch|p1a: Cresselia|Cresselia, F|73/100\n|-damage|p1a: Cresselia|61/100|[from] Stealth Rock\n|move|p2a: Iron Valiant|Moonblast|p1a: Cresselia\n|-damage|p1a: Cresselia|32/100\n|\n|-weather|SunnyDay|[upkeep]\n|upkeep\n|turn|8\n|inactive|Flinger finger has 90 seconds left.\n|\n|t:|1788291458\n|move|p2a: Iron Valiant|Taunt|p1a: Cresselia\n|-start|p1a: Cresselia|move: Taunt\n|cant|p1a: Cresselia|move: Taunt|Lunar Dance\n|\n|-weather|none\n|upkeep\n|turn|9\n|inactive|Flinger finger has 90 seconds left.\n|\n|t:|1788291471\n|move|p2a: Iron Valiant|Moonblast|p1a: Cresselia\n|-damage|p1a: Cresselia|6/100\n|move|p1a: Cresselia|Psychic|p2a: Iron Valiant\n|-supereffective|p2a: Iron Valiant\n|-damage|p2a: Iron Valiant|0 fnt\n|faint|p2a: Iron Valiant\n|-end|p2a: Iron Valiant|Quark Drive|[silent]\n|\n|upkeep\n|inactive|Flinger finger has 90 seconds left.\n|\n|t:|1788291476\n|switch|p2a: Dragonite|Dragonite, F|100/100\n|turn|10\n|\n|t:|1788291485\n|switch|p1a: Ninetales|Ninetales, M|100/100\n|-damage|p1a: Ninetales|76/100|[from] Stealth Rock\n|-damage|p1a: Ninetales|63/100|[from] Spikes\n|-weather|SunnyDay|[from] ability: Drought|[of] p1a: Ninetales\n|move|p2a: Dragonite|Dragon Dance|p2a: Dragonite\n|-boost|p2a: Dragonite|atk|1\n|-boost|p2a: Dragonite|spe|1\n|\n|-weather|SunnyDay|[upkeep]\n|upkeep\n|turn|11\n|inactive|Flinger finger has 90 seconds left.\n|\n|t:|1788291512\n|switch|p1a: Cresselia|Cresselia, F|6/100\n|-damage|p1a: Cresselia|0 fnt|[from] Stealth Rock\n|faint|p1a: Cresselia\n|move|p2a: Dragonite|Extreme Speed|p1: Cresselia|[notarget]\n|-fail|p2a: Dragonite\n|\n|-weather|SunnyDay|[upkeep]\n|upkeep\n|\n|t:|1788291514\n|switch|p1a: Great Tusk|Great Tusk|100/100\n|-damage|p1a: Great Tusk|97/100|[from] Stealth Rock\n|-damage|p1a: Great Tusk|85/100|[from] Spikes\n|-activate|p1a: Great Tusk|ability: Protosynthesis\n|-start|p1a: Great Tusk|protosynthesisatk\n|turn|12\n|inactive|Flinger finger has 90 seconds left.\n|\n|t:|1788291544\n|-terastallize|p2a: Dragonite|Fire\n|move|p2a: Dragonite|Fire Punch|p1a: Great Tusk\n|-damage|p1a: Great Tusk|0 fnt\n|faint|p1a: Great Tusk\n|-end|p1a: Great Tusk|Protosynthesis|[silent]\n|-damage|p2a: Dragonite|91/100|[from] item: Life Orb\n|\n|-weather|SunnyDay|[upkeep]\n|upkeep\n|-message|ovalboi forfeited.\n|\n|win|Flinger finger\n|raw|ovalboi's rating: 1582 &rarr; <strong>1561</strong><br />(-21 for losing)\n|raw|Flinger finger's rating: 1561 &rarr; <strong>1582</strong><br />(+21 for winning)\n|l|\u2606ovalboi\n|player|p1|\n", "uploadtime": 1788291574, "views": "0", "formatid": "gen9ou", "rating": 1561, "private": 0, "password": null}