{"id": "gen9ou-2674038383", "format": "[Gen 9] OU", "players": ["kangarooteam1", "repete64"], "log": "|j|\u2606kangarooteam1\n|j|\u2606repete64\n|t:|1788291204\n|gametype|singles\n|player|p1|kangarooteam1|1|1589\n|player|p2|repete64|1|1527\n|gen|9\n|tier|[Gen 9] OU\n|rated|\n|rule|HP Percentage Mod: HP is shown in percentages\n|rule|Endless Battle Clause: Forcing endless battles is banned\n|rule|Species Clause: Limit one of each Pok\u00e9mon\n|rule|OHKO Clause: OHKO moves are banned\n|rule|Evasion Items Clause: Evasion items are banned\n|rule|Evasion Moves Clause: Evasion moves are banned\n|rule|Evasion Abilities Clause: Evasion abilities are banned\n|rule|Sleep Moves Clause: Sleep-inducing moves are banned\n|clearpoke\n|poke|p1|Great Tusk|\n|poke|p1|Gholdengo|\n|poke|p1|Raging Bolt|\n|poke|p1|Iron Valiant|\n|poke|p1|Ogerpon-Wellspring, F|\n|poke|p1|Kingambit, F|\n|poke|p2|Ting-Lu|\n|poke|p2|Iron Treads|\n|poke|p2|Kingambit, F|\n|poke|p2|Sinistcha|\n|poke|p2|Kyurem|\n|poke|p2|Clefable, M|\n|teampreview\n|inactive|Battle timer is ON: inactive players will automatically lose when time's up. (requested by kangarooteam1)\n|\n|t:|1788291214\n|teamsize|p1|6\n|teamsize|p2|6\n|start\n|switch|p1a: Gholdengo|Gholdengo|100/100\n|switch|p2a: Kyurem|Kyurem|100/100\n|-ability|p2a: Kyurem|Pressure\n|-item|p1a: Gholdengo|Air Balloon\n|turn|1\n|\n|t:|1788291223\n|switch|p2a: Kingambit|Kingambit, F|100/100\n|move|p1a: Gholdengo|Make It Rain|p2a: Kingambit\n|-resisted|p2a: Kingambit\n|-damage|p2a: Kingambit|61/100\n|-unboost|p1a: Gholdengo|spa|1\n|\n|-heal|p2a: Kingambit|67/100|[from] item: Leftovers\n|upkeep\n|turn|2\n|\n|t:|1788291227\n|switch|p1a: Great Tusk|Great Tusk|100/100\n|move|p2a: Kingambit|Low Kick|p1a: Great Tusk\n|-damage|p1a: Great Tusk|75/100\n|\n|-heal|p1a: Great Tusk|81/100|[from] item: Leftovers\n|-heal|p2a: Kingambit|73/100|[from] item: Leftovers\n|upkeep\n|turn|3\n|\n|t:|1788291234\n|-end|p2a: Kingambit|fallenundefined|[silent]\n|switch|p2a: Sinistcha|Sinistcha|100/100\n|move|p1a: Great Tusk|Stealth Rock|p2a: Sinistcha\n|-sidestart|p2: repete64|move: Stealth Rock\n|\n|-heal|p1a: Great Tusk|87/100|[from] item: Leftovers\n|upkeep\n|turn|4\n|\n|t:|1788291239\n|-end|p1a: Great Tusk|Protosynthesis|[silent]\n|switch|p1a: Kingambit|Kingambit, F|100/100\n|move|p2a: Sinistcha|Shadow Ball|p1a: Kingambit\n|-resisted|p1a: Kingambit\n|-damage|p1a: Kingambit|85/100\n|\n|-heal|p1a: Kingambit|91/100|[from] item: Leftovers\n|upkeep\n|turn|5\n|\n|t:|1788291245\n|switch|p2a: Kingambit|Kingambit, F|73/100\n|-damage|p2a: Kingambit|67/100|[from] Stealth Rock\n|move|p1a: Kingambit|Swords Dance|p1a: Kingambit\n|-boost|p1a: Kingambit|atk|2\n|\n|-heal|p2a: Kingambit|73/100|[from] item: Leftovers\n|-heal|p1a: Kingambit|97/100|[from] item: Leftovers\n|upkeep\n|turn|6\n|\n|t:|1788291247\n|move|p2a: Kingambit|Low Kick|p1a: Kingambit\n|-supereffective|p1a: Kingambit\n|-damage|p1a: Kingambit|0 fnt\n|faint|p1a: Kingambit\n|-end|p1a: Kingambit|fallenundefined|[silent]\n|\n|-heal|p2a: Kingambit|79/100|[from] item: Leftovers\n|upkeep\n|\n|t:|1788291248\n|switch|p1a: Great Tusk|Great Tusk|87/100\n|turn|7\n|\n|t:|1788291252\n|-end|p2a: Kingambit|fallenundefined|[silent]\n|switch|p2a: Sinistcha|Sinistcha|100/100\n|move|p1a: Great Tusk|Knock Off|p2a: Sinistcha\n|-supereffective|p2a: Sinistcha\n|-damage|p2a: Sinistcha|62/100\n|-enditem|p2a: Sinistcha|Heavy-Duty Boots|[from] move: Knock Off|[of] p1a: Great Tusk\n|\n|-heal|p1a: Great Tusk|94/100|[from] item: Leftovers\n|upkeep\n|turn|8\n|\n|t:|1788291255\n|-end|p1a: Great Tusk|Protosynthesis|[silent]\n|switch|p1a: Raging Bolt|Raging Bolt|100/100\n|move|p2a: Sinistcha|Strength Sap|p1a: Raging Bolt\n|-unboost|p1a: Raging Bolt|atk|1\n|-heal|p2a: Sinistcha|100/100\n|\n|upkeep\n|turn|9\n|\n|t:|1788291258\n|move|p1a: Raging Bolt|Calm Mind|p1a: Raging Bolt\n|-boost|p1a: Raging Bolt|spa|1\n|-boost|p1a: Raging Bolt|spd|1\n|move|p2a: Sinistcha|Calm Mind|p2a: Sinistcha\n|-boost|p2a: Sinistcha|spa|1\n|-boost|p2a: Sinistcha|spd|1\n|\n|upkeep\n|turn|10\n|\n|t:|1788291263\n|switch|p2a: Clefable|Clefable, M|100/100\n|move|p1a: Raging Bolt|Dragon Pulse|p2a: Clefable\n|-immune|p2a: Clefable\n|\n|upkeep\n|turn|11\n|\n|t:|1788291266\n|move|p1a: Raging Bolt|Calm Mind|p1a: Raging Bolt\n|-boost|p1a: Raging Bolt|spa|1\n|-boost|p1a: Raging Bolt|spd|1\n|move|p2a: Clefable|Trick|p1a: Raging Bolt\n|-activate|p2a: Clefable|move: Trick|[of] p1a: Raging Bolt\n|-item|p1a: Raging Bolt|Sticky Barb|[from] move: Trick\n|-item|p2a: Clefable|Leftovers|[from] move: Trick\n|\n|-damage|p1a: Raging Bolt|88/100|[from] item: Sticky Barb\n|upkeep\n|turn|12\n|j| Slashutu\n|\n|t:|1788291270\n|move|p1a: Raging Bolt|Dragon Pulse|p2a: Clefable\n|-immune|p2a: Clefable\n|move|p2a: Clefable|Moonblast|p1a: Raging Bolt\n|-supereffective|p1a: Raging Bolt\n|-damage|p1a: Raging Bolt|62/100\n|-unboost|p1a: Raging Bolt|spa|1\n|\n|-damage|p1a: Raging Bolt|49/100|[from] item: Sticky Barb\n|upkeep\n|turn|13\n|\n|t:|1788291273\n|move|p1a: Raging Bolt|Dragon Pulse|p2a: Clefable\n|-immune|p2a: Clefable\n|move|p2a: Clefable|Moonblast|p1a: Raging Bolt\n|-supereffective|p1a: Raging Bolt\n|-damage|p1a: Raging Bolt|22/100\n|\n|-damage|p1a: Raging Bolt|10/100|[from] item: Sticky Barb\n|upkeep\n|turn|14\n|\n|t:|1788291277\n|move|p1a: Raging Bolt|Thunderbolt|p2a: Clefable\n|-damage|p2a: Clefable|24/100\n|move|p2a: Clefable|Moonblast|p1a: Raging Bolt\n|-supereffective|p1a: Raging Bolt\n|-damage|p1a: Raging Bolt|0 fnt\n|faint|p1a: Raging Bolt\n|-end|p1a: Raging Bolt|Protosynthesis|[silent]\n|\n|-heal|p2a: Clefable|30/100|[from] item: Leftovers\n|upkeep\n|\n|t:|1788291278\n|switch|p1a: Gholdengo|Gholdengo|100/100\n|-item|p1a: Gholdengo|Air Balloon\n|turn|15\n|\n|t:|1788291281\n|move|p1a: Gholdengo|Nasty Plot|p1a: Gholdengo\n|-boost|p1a: Gholdengo|spa|2\n|move|p2a: Clefable|Moonblast|p1a: Gholdengo\n|-resisted|p1a: Gholdengo\n|-damage|p1a: Gholdengo|83/100\n|-enditem|p1a: Gholdengo|Air Balloon\n|\n|-heal|p2a: Clefable|37/100|[from] item: Leftovers\n|upkeep\n|turn|16\n|\n|t:|1788291284\n|switch|p2a: Kingambit|Kingambit, F|79/100\n|-damage|p2a: Kingambit|73/100|[from] Stealth Rock\n|move|p1a: Gholdengo|Nasty Plot|p1a: Gholdengo\n|-boost|p1a: Gholdengo|spa|2\n|\n|-heal|p2a: Kingambit|79/100|[from] item: Leftovers\n|upkeep\n|turn|17\n|\n|t:|1788291288\n|-terastallize|p1a: Gholdengo|Fairy\n|move|p2a: Kingambit|Sucker Punch|p1a: Gholdengo\n|-resisted|p1a: Gholdengo\n|-damage|p1a: Gholdengo|60/100\n|move|p1a: Gholdengo|Make It Rain|p2a: Kingambit\n|-resisted|p2a: Kingambit\n|-damage|p2a: Kingambit|0 fnt\n|-unboost|p1a: Gholdengo|spa|1\n|faint|p2a: Kingambit\n|-end|p2a: Kingambit|fallenundefined|[silent]\n|\n|upkeep\n|\n|t:|1788291294\n|switch|p2a: Iron Treads|Iron Treads|100/100\n|-damage|p2a: Iron Treads|97/100|[from] Stealth Rock\n|-item|p2a: Iron Treads|Air Balloon\n|turn|18\n|\n|t:|1788291299\n|move|p2a: Iron Treads|Rapid Spin|p1a: Gholdengo\n|-damage|p1a: Gholdengo|43/100\n|-boost|p2a: Iron Treads|spe|1\n|-sideend|p2: repete64|Stealth Rock|[from] move: Rapid Spin|[of] p2a: Iron Treads\n|move|p1a: Gholdengo|Shadow Ball|p2a: Iron Treads\n|-damage|p2a: Iron Treads|0 fnt\n|-enditem|p2a: Iron Treads|Air Balloon\n|faint|p2a: Iron Treads\n|-end|p2a: Iron Treads|Quark Drive|[silent]\n|\n|upkeep\n|\n|t:|1788291306\n|switch|p2a: Ting-Lu|Ting-Lu|100/100\n|-ability|p2a: Ting-Lu|Vessel of Ruin\n|turn|19\n|\n|t:|1788291309\n|move|p1a: Gholdengo|Recover|p1a: Gholdengo\n|-heal|p1a: Gholdengo|93/100\n|move|p2a: Ting-Lu|Earthquake|p1a: Gholdengo\n|-damage|p1a: Gholdengo|49/100\n|\n|upkeep\n|turn|20\n|\n|t:|1788291313\n|move|p1a: Gholdengo|Recover|p1a: Gholdengo\n|-heal|p1a: Gholdengo|99/100\n|move|p2a: Ting-Lu|Sand Tomb|p1a: Gholdengo\n|-damage|p1a: Gholdengo|84/100\n|-activate|p1a: Gholdengo|move: Sand Tomb|[of] p2a: Ting-Lu\n|\n|-damage|p1a: Gholdengo|71/100|[from] move: Sand Tomb|[partiallytrapped]\n|upkeep\n|turn|21\n|\n|t:|1788291315\n|move|p2a: Ting-Lu|Protect|p2a: Ting-Lu\n|-singleturn|p2a: Ting-Lu|Protect\n|move|p1a: Gholdengo|Make It Rain|p2a: Ting-Lu\n|-activate|p2a: Ting-Lu|move: Protect\n|\n|-damage|p1a: Gholdengo|59/100|[from] move: Sand Tomb|[partiallytrapped]\n|upkeep\n|turn|22\n|\n|t:|1788291320\n|move|p1a: Gholdengo|Recover|p1a: Gholdengo\n|-heal|p1a: Gholdengo|100/100\n|move|p2a: Ting-Lu|Earthquake|p1a: Gholdengo\n|-damage|p1a: Gholdengo|61/100\n|\n|-damage|p1a: Gholdengo|49/100|[from] move: Sand Tomb|[partiallytrapped]\n|upkeep\n|turn|23\n|\n|t:|1788291322\n|move|p1a: Gholdengo|Recover|p1a: Gholdengo\n|-heal|p1a: Gholdengo|99/100\n|move|p2a: Ting-Lu|Earthquake|p1a: Gholdengo\n|-damage|p1a: Gholdengo|56/100\n|\n|-damage|p1a: Gholdengo|44/100|[from] move: Sand Tomb|[partiallytrapped]\n|upkeep\n|turn|24\n|\n|t:|1788291326\n|move|p1a: Gholdengo|Recover|p1a: Gholdengo\n|-heal|p1a: Gholdengo|94/100\n|move|p2a: Ting-Lu|Earthquake|p1a: Gholdengo\n|-damage|p1a: Gholdengo|48/100\n|\n|-damage|p1a: Gholdengo|35/100|[from] move: Sand Tomb|[partiallytrapped]\n|upkeep\n|turn|25\n|\n|t:|1788291328\n|move|p1a: Gholdengo|Recover|p1a: Gholdengo\n|-heal|p1a: Gholdengo|86/100\n|move|p2a: Ting-Lu|Earthquake|p1a: Gholdengo\n|-damage|p1a: Gholdengo|40/100\n|\n|-end|p1a: Gholdengo|Sand Tomb|[partiallytrapped]\n|upkeep\n|turn|26\n|\n|t:|1788291330\n|move|p1a: Gholdengo|Recover|p1a: Gholdengo\n|-heal|p1a: Gholdengo|90/100\n|move|p2a: Ting-Lu|Sand Tomb|p1a: Gholdengo\n|-damage|p1a: Gholdengo|75/100\n|-activate|p1a: Gholdengo|move: Sand Tomb|[of] p2a: Ting-Lu\n|\n|-damage|p1a: Gholdengo|63/100|[from] move: Sand Tomb|[partiallytrapped]\n|upkeep\n|turn|27\n|\n|t:|1788291333\n|move|p1a: Gholdengo|Make It Rain|p2a: Ting-Lu\n|-damage|p2a: Ting-Lu|31/100\n|-unboost|p1a: Gholdengo|spa|1\n|move|p2a: Ting-Lu|Earthquake|p1a: Gholdengo\n|-damage|p1a: Gholdengo|22/100\n|\n|-heal|p2a: Ting-Lu|38/100|[from] item: Leftovers\n|-damage|p1a: Gholdengo|10/100|[from] move: Sand Tomb|[partiallytrapped]\n|upkeep\n|turn|28\n|\n|t:|1788291339\n|move|p1a: Gholdengo|Make It Rain|p2a: Ting-Lu\n|-damage|p2a: Ting-Lu|0 fnt\n|-unboost|p1a: Gholdengo|spa|1\n|faint|p2a: Ting-Lu\n|\n|-end|p1a: Gholdengo|Sand Tomb|[partiallytrapped]|[silent]\n|upkeep\n|\n|t:|1788291342\n|switch|p2a: Kyurem|Kyurem|100/100\n|-ability|p2a: Kyurem|Pressure\n|turn|29\n|\n|t:|1788291343\n|move|p2a: Kyurem|Freeze-Dry|p1a: Gholdengo\n|-damage|p1a: Gholdengo|0 fnt\n|faint|p1a: Gholdengo\n|\n|upkeep\n|\n|t:|1788291344\n|switch|p1a: Iron Valiant|Iron Valiant|100/100\n|-enditem|p1a: Iron Valiant|Booster Energy\n|-activate|p1a: Iron Valiant|ability: Quark Drive|[fromitem]\n|-start|p1a: Iron Valiant|quarkdrivespe\n|turn|30\n|\n|t:|1788291348\n|switch|p2a: Clefable|Clefable, M|37/100\n|move|p1a: Iron Valiant|Moonblast|p2a: Clefable\n|-damage|p2a: Clefable|0 fnt\n|faint|p2a: Clefable\n|\n|upkeep\n|\n|t:|1788291351\n|switch|p2a: Sinistcha|Sinistcha|100/100\n|turn|31\n|\n|t:|1788291353\n|move|p1a: Iron Valiant|Moonblast|p2a: Sinistcha\n|-crit|p2a: Sinistcha\n|-damage|p2a: Sinistcha|20/100\n|-unboost|p2a: Sinistcha|spa|1\n|move|p2a: Sinistcha|Strength Sap|p1a: Iron Valiant\n|-unboost|p1a: Iron Valiant|atk|1\n|-heal|p2a: Sinistcha|96/100\n|\n|upkeep\n|turn|32\n|\n|t:|1788291363\n|move|p1a: Iron Valiant|Moonblast|p2a: Sinistcha\n|-damage|p2a: Sinistcha|38/100\n|move|p2a: Sinistcha|Matcha Gotcha|p1a: Iron Valiant\n|-damage|p1a: Iron Valiant|60/100\n|-heal|p2a: Sinistcha|55/100|[from] drain|[of] p1a: Iron Valiant\n|\n|upkeep\n|turn|33\n|\n|t:|1788291375\n|-terastallize|p2a: Sinistcha|Poison\n|move|p1a: Iron Valiant|Moonblast|p2a: Sinistcha\n|-resisted|p2a: Sinistcha\n|-damage|p2a: Sinistcha|28/100\n|-unboost|p2a: Sinistcha|spa|1\n|move|p2a: Sinistcha|Calm Mind|p2a: Sinistcha\n|-boost|p2a: Sinistcha|spa|1\n|-boost|p2a: Sinistcha|spd|1\n|\n|upkeep\n|turn|34\n|\n|t:|1788291378\n|move|p1a: Iron Valiant|Encore|p2a: Sinistcha\n|-start|p2a: Sinistcha|Encore\n|move|p2a: Sinistcha|Calm Mind|p2a: Sinistcha\n|-boost|p2a: Sinistcha|spa|1\n|-boost|p2a: Sinistcha|spd|1\n|\n|upkeep\n|turn|35\n|\n|t:|1788291381\n|move|p1a: Iron Valiant|Thunderbolt|p2a: Sinistcha\n|-damage|p2a: Sinistcha|11/100\n|-status|p2a: Sinistcha|par\n|move|p2a: Sinistcha|Calm Mind|p2a: Sinistcha\n|-boost|p2a: Sinistcha|spa|1\n|-boost|p2a: Sinistcha|spd|1\n|\n|upkeep\n|turn|36\n|\n|t:|1788291383\n|move|p1a: Iron Valiant|Thunderbolt|p2a: Sinistcha\n|-damage|p2a: Sinistcha|0 fnt\n|faint|p2a: Sinistcha\n|\n|upkeep\n|\n|t:|1788291384\n|switch|p2a: Kyurem|Kyurem|100/100\n|-ability|p2a: Kyurem|Pressure\n|turn|37\n|\n|t:|1788291390\n|move|p1a: Iron Valiant|Moonblast|p2a: Kyurem\n|-supereffective|p2a: Kyurem\n|-damage|p2a: Kyurem|18/100\n|-unboost|p2a: Kyurem|spa|1\n|move|p2a: Kyurem|Freeze-Dry|p1a: Iron Valiant\n|-damage|p1a: Iron Valiant|14/100\n|\n|-heal|p2a: Kyurem|25/100|[from] item: Leftovers\n|upkeep\n|turn|38\n|c|\u2606repete64|gg\n|l| Slashutu\n|\n|t:|1788291395\n|move|p1a: Iron Valiant|Moonblast|p2a: Kyurem\n|-supereffective|p2a: Kyurem\n|-damage|p2a: Kyurem|0 fnt\n|faint|p2a: Kyurem\n|\n|win|kangarooteam1\n|raw|kangarooteam1's rating: 1589 &rarr; <strong>1605</strong><br />(+16 for winning)\n|raw|repete64's rating: 1527 &rarr; <strong>1511</strong><br />(-16 for losing)\n", "uploadtime": 1788291395, "views": "0", "formatid": "gen9ou", "rating": 1511, "private": 0, "password": null}