{"id": "gen9ou-2673914988", "format": "[Gen 9] OU", "players": ["OUZQ Crocodile", "stingraygucci"], "log": "|j|\u2606OUZQ Crocodile\n|j|\u2606stingraygucci\n|t:|1788276606\n|gametype|singles\n|player|p1|OUZQ Crocodile|2|1641\n|player|p2|stingraygucci|169|1646\n|gen|9\n|tier|[Gen 9] OU\n|rated|\n|rule|HP Percentage Mod: HP is shown in percentages\n|rule|Endless Battle Clause: Forcing endless battles is banned\n|rule|Species Clause: Limit one of each Pok\u00e9mon\n|rule|OHKO Clause: OHKO moves are banned\n|rule|Evasion Items Clause: Evasion items are banned\n|rule|Evasion Moves Clause: Evasion moves are banned\n|rule|Evasion Abilities Clause: Evasion abilities are banned\n|rule|Sleep Moves Clause: Sleep-inducing moves are banned\n|clearpoke\n|poke|p1|Ceruledge, M|\n|poke|p1|Zamazenta-*|\n|poke|p1|Ninetales, F|\n|poke|p1|Great Tusk|\n|poke|p1|Walking Wake|\n|poke|p1|Raging Bolt|\n|poke|p2|Gholdengo|\n|poke|p2|Landorus-Therian, M|\n|poke|p2|Raging Bolt|\n|poke|p2|Iron Valiant|\n|poke|p2|Ting-Lu|\n|poke|p2|Rillaboom, F|\n|teampreview\n|inactive|Battle timer is ON: inactive players will automatically lose when time's up. (requested by OUZQ Crocodile)\n|\n|t:|1788276636\n|teamsize|p1|6\n|teamsize|p2|6\n|start\n|switch|p1a: Ninetales|Ninetales, F|100/100\n|switch|p2a: Raging Bolt|Raging Bolt|100/100\n|-weather|SunnyDay|[from] ability: Drought|[of] p1a: Ninetales\n|-activate|p2a: Raging Bolt|ability: Protosynthesis\n|-start|p2a: Raging Bolt|protosynthesisspa\n|turn|1\n|\n|t:|1788276645\n|switch|p1a: Zamazenta|Zamazenta|100/100\n|-ability|p1a: Zamazenta|Dauntless Shield|boost\n|-boost|p1a: Zamazenta|def|1\n|move|p2a: Raging Bolt|Dragon Pulse|p1a: Zamazenta\n|-damage|p1a: Zamazenta|44/100\n|\n|-weather|SunnyDay|[upkeep]\n|upkeep\n|turn|2\n|\n|t:|1788276657\n|-end|p2a: Raging Bolt|Protosynthesis|[silent]\n|switch|p2a: Landorus|Landorus-Therian, M|100/100\n|-ability|p2a: Landorus|Intimidate|boost\n|-unboost|p1a: Zamazenta|atk|1\n|move|p1a: Zamazenta|Light Screen|p1a: Zamazenta\n|-sidestart|p1: OUZQ Crocodile|move: Light Screen\n|\n|-weather|SunnyDay|[upkeep]\n|upkeep\n|turn|3\n|\n|t:|1788276664\n|move|p1a: Zamazenta|Reflect|p1a: Zamazenta\n|-sidestart|p1: OUZQ Crocodile|Reflect\n|move|p2a: Landorus|Stealth Rock|p1a: Zamazenta\n|-sidestart|p1: OUZQ Crocodile|move: Stealth Rock\n|\n|-weather|SunnyDay|[upkeep]\n|upkeep\n|turn|4\n|\n|t:|1788276676\n|switch|p1a: Walking Wake|Walking Wake|100/100\n|-damage|p1a: Walking Wake|88/100|[from] Stealth Rock\n|-activate|p1a: Walking Wake|ability: Protosynthesis\n|-start|p1a: Walking Wake|protosynthesisspa\n|move|p2a: Landorus|U-turn|p1a: Walking Wake\n|-damage|p1a: Walking Wake|78/100\n|\n|t:|1788276700\n|switch|p2a: Iron Valiant|Iron Valiant|100/100|[from] U-turn\n|-enditem|p2a: Iron Valiant|Booster Energy\n|-activate|p2a: Iron Valiant|ability: Quark Drive|[fromitem]\n|-start|p2a: Iron Valiant|quarkdrivespe\n|\n|-weather|SunnyDay|[upkeep]\n|upkeep\n|turn|5\n|\n|t:|1788276711\n|move|p2a: Iron Valiant|Moonblast|p1a: Walking Wake\n|-supereffective|p1a: Walking Wake\n|-damage|p1a: Walking Wake|23/100\n|-unboost|p1a: Walking Wake|spa|1\n|move|p1a: Walking Wake|Hydro Steam|p2a: Iron Valiant\n|-damage|p2a: Iron Valiant|0 fnt\n|faint|p2a: Iron Valiant\n|-end|p2a: Iron Valiant|Quark Drive|[silent]\n|-damage|p1a: Walking Wake|13/100|[from] item: Life Orb\n|\n|-weather|SunnyDay|[upkeep]\n|upkeep\n|\n|t:|1788276722\n|switch|p2a: Gholdengo|Gholdengo|100/100\n|turn|6\n|\n|t:|1788276726\n|move|p2a: Gholdengo|Shadow Ball|p1a: Walking Wake\n|-damage|p1a: Walking Wake|0 fnt\n|faint|p1a: Walking Wake\n|-end|p1a: Walking Wake|Protosynthesis|[silent]\n|\n|-weather|SunnyDay|[upkeep]\n|upkeep\n|\n|t:|1788276742\n|switch|p1a: Great Tusk|Great Tusk|100/100\n|-damage|p1a: Great Tusk|98/100|[from] Stealth Rock\n|-activate|p1a: Great Tusk|ability: Protosynthesis\n|-start|p1a: Great Tusk|protosynthesisspe\n|turn|7\n|\n|t:|1788276752\n|switch|p2a: Rillaboom|Rillaboom, F|100/100\n|-fieldstart|move: Grassy Terrain|[from] ability: Grassy Surge|[of] p2a: Rillaboom\n|move|p1a: Great Tusk|Bulk Up|p1a: Great Tusk\n|-boost|p1a: Great Tusk|atk|1\n|-boost|p1a: Great Tusk|def|1\n|\n|-weather|SunnyDay|[upkeep]\n|-heal|p1a: Great Tusk|100/100|[from] Grassy Terrain\n|upkeep\n|turn|8\n|\n|t:|1788276770\n|-terastallize|p1a: Great Tusk|Fairy\n|move|p1a: Great Tusk|Rapid Spin|p2a: Rillaboom\n|-damage|p2a: Rillaboom|80/100\n|-boost|p1a: Great Tusk|spe|1\n|-sideend|p1: OUZQ Crocodile|Stealth Rock|[from] move: Rapid Spin|[of] p1a: Great Tusk\n|move|p2a: Rillaboom|Knock Off|p1a: Great Tusk\n|-resisted|p1a: Great Tusk\n|-damage|p1a: Great Tusk|97/100\n|-enditem|p1a: Great Tusk|Fairy Feather|[from] move: Knock Off|[of] p2a: Rillaboom\n|\n|-weather|none\n|-end|p1a: Great Tusk|Protosynthesis\n|-heal|p1a: Great Tusk|100/100|[from] Grassy Terrain\n|-heal|p2a: Rillaboom|86/100|[from] Grassy Terrain\n|upkeep\n|turn|9\n|\n|t:|1788276783\n|move|p1a: Great Tusk|Bulk Up|p1a: Great Tusk\n|-boost|p1a: Great Tusk|atk|1\n|-boost|p1a: Great Tusk|def|1\n|move|p2a: Rillaboom|U-turn|p1a: Great Tusk\n|-resisted|p1a: Great Tusk\n|-damage|p1a: Great Tusk|99/100\n|inactive|stingraygucci has 120 seconds left.\n|\n|t:|1788276805\n|switch|p2a: Ting-Lu|Ting-Lu|100/100|[from] U-turn\n|-ability|p2a: Ting-Lu|Vessel of Ruin\n|\n|-heal|p1a: Great Tusk|100/100|[from] Grassy Terrain\n|-sideend|p1: OUZQ Crocodile|move: Light Screen\n|upkeep\n|turn|10\n|inactive|stingraygucci has 120 seconds left.\n|\n|t:|1788276817\n|move|p1a: Great Tusk|Play Rough|p2a: Ting-Lu\n|-supereffective|p2a: Ting-Lu\n|-damage|p2a: Ting-Lu|11/100\n|move|p2a: Ting-Lu|Whirlwind|p1a: Great Tusk\n|-end|p1a: Great Tusk|Protosynthesis|[silent]\n|drag|p1a: Ninetales|Ninetales, F|100/100\n|-weather|SunnyDay|[from] ability: Drought|[of] p1a: Ninetales\n|\n|-weather|SunnyDay|[upkeep]\n|-heal|p2a: Ting-Lu|17/100|[from] Grassy Terrain\n|-heal|p2a: Ting-Lu|23/100|[from] item: Leftovers\n|-sideend|p1: OUZQ Crocodile|Reflect\n|upkeep\n|turn|11\n|inactive|stingraygucci has 120 seconds left.\n|\n|t:|1788276833\n|switch|p1a: Zamazenta|Zamazenta|44/100\n|move|p2a: Ting-Lu|Whirlwind|p1a: Zamazenta\n|drag|p1a: Great Tusk|Great Tusk, tera:Fairy|100/100\n|-activate|p1a: Great Tusk|ability: Protosynthesis\n|-start|p1a: Great Tusk|protosynthesisspe\n|\n|-weather|SunnyDay|[upkeep]\n|-heal|p2a: Ting-Lu|29/100|[from] Grassy Terrain\n|-heal|p2a: Ting-Lu|36/100|[from] item: Leftovers\n|upkeep\n|turn|12\n|inactive|stingraygucci has 120 seconds left.\n|\n|t:|1788276857\n|switch|p2a: Landorus|Landorus-Therian, M|100/100\n|-ability|p2a: Landorus|Intimidate|boost\n|-unboost|p1a: Great Tusk|atk|1\n|move|p1a: Great Tusk|Play Rough|p2a: Landorus\n|-damage|p2a: Landorus|74/100\n|-damage|p1a: Great Tusk|84/100|[from] item: Rocky Helmet|[of] p2a: Landorus\n|\n|-weather|SunnyDay|[upkeep]\n|-heal|p1a: Great Tusk|90/100|[from] Grassy Terrain\n|upkeep\n|turn|13\n|inactive|stingraygucci has 120 seconds left.\n|\n|t:|1788276890\n|move|p1a: Great Tusk|Bulk Up|p1a: Great Tusk\n|-boost|p1a: Great Tusk|atk|1\n|-boost|p1a: Great Tusk|def|1\n|move|p2a: Landorus|Stealth Rock|p1a: Great Tusk\n|-sidestart|p1: OUZQ Crocodile|move: Stealth Rock\n|\n|-weather|SunnyDay|[upkeep]\n|-heal|p1a: Great Tusk|96/100|[from] Grassy Terrain\n|upkeep\n|turn|14\n|\n|t:|1788276892\n|move|p1a: Great Tusk|Bulk Up|p1a: Great Tusk\n|-boost|p1a: Great Tusk|atk|1\n|-boost|p1a: Great Tusk|def|1\n|move|p2a: Landorus|Taunt|p1a: Great Tusk\n|-start|p1a: Great Tusk|move: Taunt\n|\n|-weather|SunnyDay|[upkeep]\n|-heal|p1a: Great Tusk|100/100|[from] Grassy Terrain\n|-fieldend|move: Grassy Terrain\n|upkeep\n|turn|15\n|\n|t:|1788276912\n|move|p1a: Great Tusk|Play Rough|p2a: Landorus\n|-damage|p2a: Landorus|15/100\n|-damage|p1a: Great Tusk|84/100|[from] item: Rocky Helmet|[of] p2a: Landorus\n|move|p2a: Landorus|Earth Power|p1a: Great Tusk\n|-damage|p1a: Great Tusk|42/100\n|\n|-weather|SunnyDay|[upkeep]\n|upkeep\n|turn|16\n|\n|t:|1788276930\n|move|p1a: Great Tusk|Rapid Spin|p2a: Landorus\n|-damage|p2a: Landorus|0 fnt\n|-boost|p1a: Great Tusk|spe|1\n|-damage|p1a: Great Tusk|26/100|[from] item: Rocky Helmet|[of] p2a: Landorus\n|-sideend|p1: OUZQ Crocodile|Stealth Rock|[from] move: Rapid Spin|[of] p1a: Great Tusk\n|faint|p2a: Landorus\n|\n|-weather|SunnyDay|[upkeep]\n|upkeep\n|\n|t:|1788276945\n|switch|p2a: Raging Bolt|Raging Bolt|100/100\n|-activate|p2a: Raging Bolt|ability: Protosynthesis\n|-start|p2a: Raging Bolt|protosynthesisspa\n|turn|17\n|\n|t:|1788276954\n|move|p1a: Great Tusk|Headlong Rush|p2a: Raging Bolt\n|-supereffective|p2a: Raging Bolt\n|-damage|p2a: Raging Bolt|0 fnt\n|-unboost|p1a: Great Tusk|def|1\n|-unboost|p1a: Great Tusk|spd|1\n|faint|p2a: Raging Bolt\n|-end|p2a: Raging Bolt|Protosynthesis|[silent]\n|\n|-weather|none\n|-end|p1a: Great Tusk|Protosynthesis\n|-end|p1a: Great Tusk|move: Taunt\n|upkeep\n|\n|t:|1788276962\n|switch|p2a: Rillaboom|Rillaboom, F|86/100\n|-fieldstart|move: Grassy Terrain|[from] ability: Grassy Surge|[of] p2a: Rillaboom\n|turn|18\n|\n|t:|1788276972\n|move|p2a: Rillaboom|Grassy Glide|p1a: Great Tusk\n|-damage|p1a: Great Tusk|10/100\n|move|p1a: Great Tusk|Play Rough|p2a: Rillaboom\n|-damage|p2a: Rillaboom|27/100\n|\n|-heal|p1a: Great Tusk|16/100|[from] Grassy Terrain\n|-heal|p2a: Rillaboom|33/100|[from] Grassy Terrain\n|upkeep\n|turn|19\n|inactive|stingraygucci has 120 seconds left.\n|\n|t:|1788276978\n|move|p2a: Rillaboom|Grassy Glide|p1a: Great Tusk\n|-damage|p1a: Great Tusk|0 fnt\n|faint|p1a: Great Tusk\n|-end|p1a: Great Tusk|Protosynthesis|[silent]\n|\n|-heal|p2a: Rillaboom|40/100|[from] Grassy Terrain\n|upkeep\n|\n|t:|1788276984\n|switch|p1a: Ninetales|Ninetales, F|100/100\n|-weather|SunnyDay|[from] ability: Drought|[of] p1a: Ninetales\n|turn|20\n|\n|t:|1788276988\n|move|p1a: Ninetales|Healing Wish|p1a: Ninetales\n|faint|p1a: Ninetales\n|move|p2a: Rillaboom|Knock Off|p1: Ninetales|[notarget]\n|-fail|p2a: Rillaboom\n|\n|-weather|SunnyDay|[upkeep]\n|-heal|p2a: Rillaboom|46/100|[from] Grassy Terrain\n|upkeep\n|\n|t:|1788277001\n|switch|p1a: Raging Bolt|Raging Bolt|100/100\n|-activate|p1a: Raging Bolt|ability: Protosynthesis\n|-start|p1a: Raging Bolt|protosynthesisspa\n|turn|21\n|\n|t:|1788277010\n|move|p1a: Raging Bolt|Calm Mind|p1a: Raging Bolt\n|-boost|p1a: Raging Bolt|spa|1\n|-boost|p1a: Raging Bolt|spd|1\n|move|p2a: Rillaboom|Knock Off|p1a: Raging Bolt\n|-damage|p1a: Raging Bolt|66/100\n|-enditem|p1a: Raging Bolt|Leftovers|[from] move: Knock Off|[of] p2a: Rillaboom\n|\n|-weather|SunnyDay|[upkeep]\n|-heal|p1a: Raging Bolt|72/100|[from] Grassy Terrain\n|-heal|p2a: Rillaboom|52/100|[from] Grassy Terrain\n|upkeep\n|turn|22\n|\n|t:|1788277016\n|move|p1a: Raging Bolt|Dragon Pulse|p2a: Rillaboom\n|-damage|p2a: Rillaboom|0 fnt\n|faint|p2a: Rillaboom\n|\n|-weather|SunnyDay|[upkeep]\n|-heal|p1a: Raging Bolt|78/100|[from] Grassy Terrain\n|upkeep\n|\n|t:|1788277021\n|switch|p2a: Ting-Lu|Ting-Lu|36/100\n|-ability|p2a: Ting-Lu|Vessel of Ruin\n|turn|23\n|\n|t:|1788277026\n|move|p1a: Raging Bolt|Dragon Pulse|p2a: Ting-Lu\n|-damage|p2a: Ting-Lu|0 fnt\n|faint|p2a: Ting-Lu\n|\n|-weather|SunnyDay|[upkeep]\n|-heal|p1a: Raging Bolt|84/100|[from] Grassy Terrain\n|upkeep\n|\n|t:|1788277029\n|switch|p2a: Gholdengo|Gholdengo|100/100\n|turn|24\n|\n|t:|1788277031\n|move|p2a: Gholdengo|Shadow Ball|p1a: Raging Bolt\n|-damage|p1a: Raging Bolt|59/100\n|move|p1a: Raging Bolt|Thunderbolt|p2a: Gholdengo\n|-damage|p2a: Gholdengo|0 fnt\n|faint|p2a: Gholdengo\n|\n|win|OUZQ Crocodile\n|raw|OUZQ Crocodile's rating: 1641 &rarr; <strong>1661</strong><br />(+20 for winning)\n|raw|stingraygucci's rating: 1646 &rarr; <strong>1626</strong><br />(-20 for losing)\n|l|\u2606OUZQ Crocodile\n|player|p1|\n|l|\u2606stingraygucci\n|player|p2|\n", "uploadtime": 1788277183, "views": "2", "formatid": "gen9ou", "rating": 1626, "private": 0, "password": null}