{"id": "gen9ou-2673876495", "format": "[Gen 9] OU", "players": ["2016 ao vc", "bena13"], "log": "|j|\u26062016 ao vc\n|j|\u2606bena13\n|t:|1788271895\n|gametype|singles\n|player|p1|2016 ao vc|doubleteam|1354\n|player|p2|bena13|2|1397\n|gen|9\n|tier|[Gen 9] OU\n|rated|\n|rule|HP Percentage Mod: HP is shown in percentages\n|rule|Endless Battle Clause: Forcing endless battles is banned\n|rule|Species Clause: Limit one of each Pok\u00e9mon\n|rule|OHKO Clause: OHKO moves are banned\n|rule|Evasion Items Clause: Evasion items are banned\n|rule|Evasion Moves Clause: Evasion moves are banned\n|rule|Evasion Abilities Clause: Evasion abilities are banned\n|rule|Sleep Moves Clause: Sleep-inducing moves are banned\n|clearpoke\n|poke|p1|Lokix, M|\n|poke|p1|Iron Valiant|\n|poke|p1|Alomomola, L99, M|\n|poke|p1|Mandibuzz, F|\n|poke|p1|Great Tusk|\n|poke|p1|Gholdengo|\n|poke|p2|Swanna, F|\n|poke|p2|Muk-Alola, F|\n|poke|p2|Gastrodon, F|\n|poke|p2|Vileplume, M|\n|poke|p2|Salazzle, F|\n|poke|p2|Haunter, F|\n|teampreview\n|\n|t:|1788271904\n|teamsize|p1|6\n|teamsize|p2|6\n|start\n|switch|p1a: Lokix|Lokix, M, shiny|100/100\n|switch|p2a: Maria|Salazzle, F|100/100\n|turn|1\n|inactive|Battle timer is ON: inactive players will automatically lose when time's up. (requested by bena13)\n|\n|t:|1788271918\n|-terastallize|p1a: Lokix|Bug\n|move|p1a: Lokix|First Impression|p2a: Maria\n|-resisted|p2a: Maria\n|-damage|p2a: Maria|14/100\n|move|p2a: Maria|Substitute|p2a: Maria\n|-fail|p2a: Maria|move: Substitute|[weak]\n|\n|upkeep\n|turn|2\n|\n|t:|1788271932\n|switch|p1a: Alomomola|Alomomola, L99, M|100/100\n|move|p2a: Maria|Sludge Bomb|p1a: Alomomola\n|-damage|p1a: Alomomola|70/100\n|-status|p1a: Alomomola|psn\n|-damage|p2a: Maria|4/100|[from] item: Life Orb\n|\n|-damage|p1a: Alomomola|57/100 psn|[from] psn\n|upkeep\n|turn|3\n|\n|t:|1788271942\n|switch|p2a: Poseidon|Gastrodon, F|100/100\n|move|p1a: Alomomola|Flip Turn|p2a: Poseidon\n|-ability|p2a: Poseidon|Storm Drain|boost\n|-boost|p2a: Poseidon|spa|1\n|\n|-damage|p1a: Alomomola|45/100 psn|[from] psn\n|upkeep\n|turn|4\n|\n|t:|1788271954\n|move|p2a: Poseidon|Surf|p1a: Alomomola\n|-resisted|p1a: Alomomola\n|-damage|p1a: Alomomola|29/100 psn\n|move|p1a: Alomomola|Mirror Coat|p2a: Poseidon\n|-damage|p2a: Poseidon|64/100\n|\n|-damage|p1a: Alomomola|16/100 psn|[from] psn\n|upkeep\n|turn|5\n|\n|t:|1788271968\n|switch|p1a: Mandibuzz|Mandibuzz, F|100/100\n|move|p2a: Poseidon|Earth Power|p1a: Mandibuzz\n|-immune|p1a: Mandibuzz\n|\n|upkeep\n|turn|6\n|\n|t:|1788271976\n|move|p1a: Mandibuzz|U-turn|p2a: Poseidon\n|-damage|p2a: Poseidon|51/100\n|\n|t:|1788271980\n|switch|p1a: Alomomola|Alomomola, L99, M|50/100 psn|[from] U-turn\n|move|p2a: Poseidon|Ice Beam|p1a: Alomomola\n|-resisted|p1a: Alomomola\n|-damage|p1a: Alomomola|39/100 psn\n|\n|-damage|p1a: Alomomola|26/100 psn|[from] psn\n|upkeep\n|turn|7\n|\n|t:|1788271991\n|switch|p1a: Mandibuzz|Mandibuzz, F|100/100\n|move|p2a: Poseidon|Surf|p1a: Mandibuzz\n|-damage|p1a: Mandibuzz|53/100\n|\n|upkeep\n|turn|8\n|\n|t:|1788272002\n|move|p1a: Mandibuzz|Roost|p1a: Mandibuzz\n|-heal|p1a: Mandibuzz|100/100\n|-singleturn|p1a: Mandibuzz|move: Roost\n|move|p2a: Poseidon|Earth Power|p1a: Mandibuzz\n|-damage|p1a: Mandibuzz|47/100\n|\n|upkeep\n|turn|9\n|\n|t:|1788272021\n|move|p1a: Mandibuzz|U-turn|p2a: Poseidon\n|-damage|p2a: Poseidon|39/100\n|\n|t:|1788272024\n|switch|p1a: Alomomola|Alomomola, L99, M|60/100 psn|[from] U-turn\n|move|p2a: Poseidon|Ice Beam|p1a: Alomomola\n|-resisted|p1a: Alomomola\n|-damage|p1a: Alomomola|49/100 psn\n|\n|-damage|p1a: Alomomola|36/100 psn|[from] psn\n|upkeep\n|turn|10\n|\n|t:|1788272034\n|move|p2a: Poseidon|Earth Power|p1a: Alomomola\n|-damage|p1a: Alomomola|1/100 psn\n|move|p1a: Alomomola|Mirror Coat|p2a: Poseidon\n|-damage|p2a: Poseidon|0 fnt\n|faint|p2a: Poseidon\n|\n|-damage|p1a: Alomomola|0 fnt|[from] psn\n|faint|p1a: Alomomola\n|upkeep\n|\n|t:|1788272046\n|switch|p1a: Lokix|Lokix, M, shiny, tera:Bug|100/100\n|switch|p2a: Vamp|Vileplume, M|100/100\n|turn|11\n|\n|t:|1788272053\n|move|p1a: Lokix|U-turn|p2a: Vamp\n|-damage|p2a: Vamp|46/100\n|\n|t:|1788272056\n|switch|p1a: Gholdengo|Gholdengo|100/100|[from] U-turn\n|move|p2a: Vamp|Strength Sap|p1a: Gholdengo\n|-immune|p1a: Gholdengo|[from] ability: Good as Gold\n|\n|upkeep\n|turn|12\n|\n|t:|1788272073\n|switch|p2a: MY WIFE|Muk-Alola, F|100/100\n|move|p1a: Gholdengo|Make It Rain|p2a: MY WIFE\n|-damage|p2a: MY WIFE|63/100\n|-unboost|p1a: Gholdengo|spa|1\n|\n|upkeep\n|turn|13\n|\n|t:|1788272081\n|switch|p1a: Mandibuzz|Mandibuzz, F|47/100\n|move|p2a: MY WIFE|Knock Off|p1a: Mandibuzz\n|-resisted|p1a: Mandibuzz\n|-damage|p1a: Mandibuzz|35/100\n|-enditem|p1a: Mandibuzz|Heavy-Duty Boots|[from] move: Knock Off|[of] p2a: MY WIFE\n|\n|upkeep\n|turn|14\n|\n|t:|1788272089\n|move|p1a: Mandibuzz|Roost|p1a: Mandibuzz\n|-heal|p1a: Mandibuzz|85/100\n|-singleturn|p1a: Mandibuzz|move: Roost\n|move|p2a: MY WIFE|Drain Punch|p1a: Mandibuzz\n|-supereffective|p1a: Mandibuzz\n|-damage|p1a: Mandibuzz|59/100\n|-heal|p2a: MY WIFE|77/100|[from] drain|[of] p1a: Mandibuzz\n|\n|upkeep\n|turn|15\n|\n|t:|1788272099\n|move|p1a: Mandibuzz|U-turn|p2a: MY WIFE\n|-damage|p2a: MY WIFE|64/100\n|\n|t:|1788272102\n|switch|p1a: Great Tusk|Great Tusk|100/100|[from] U-turn\n|move|p2a: MY WIFE|Knock Off|p1a: Great Tusk\n|-resisted|p1a: Great Tusk\n|-crit|p1a: Great Tusk\n|-damage|p1a: Great Tusk|73/100\n|-enditem|p1a: Great Tusk|Heavy-Duty Boots|[from] move: Knock Off|[of] p2a: MY WIFE\n|\n|upkeep\n|turn|16\n|\n|t:|1788272117\n|switch|p2a: The death|Haunter, F|100/100\n|move|p1a: Great Tusk|Stealth Rock|p2a: The death\n|-sidestart|p2: bena13|move: Stealth Rock\n|\n|upkeep\n|turn|17\n|\n|t:|1788272125\n|-end|p1a: Great Tusk|Protosynthesis|[silent]\n|switch|p1a: Mandibuzz|Mandibuzz, F|59/100\n|move|p2a: The death|Taunt|p1a: Mandibuzz\n|-start|p1a: Mandibuzz|move: Taunt\n|\n|upkeep\n|turn|18\n|\n|t:|1788272132\n|move|p2a: The death|Thunder|p1a: Mandibuzz\n|-supereffective|p1a: Mandibuzz\n|-damage|p1a: Mandibuzz|0 fnt\n|faint|p1a: Mandibuzz\n|\n|upkeep\n|\n|t:|1788272141\n|switch|p1a: Iron Valiant|Iron Valiant, shiny|100/100\n|turn|19\n|\n|t:|1788272148\n|move|p1a: Iron Valiant|Shadow Ball|p2a: The death\n|-supereffective|p2a: The death\n|-enditem|p2a: The death|Focus Sash\n|-damage|p2a: The death|1/100\n|move|p2a: The death|Thunder|p1a: Iron Valiant|[miss]\n|-miss|p2a: The death|p1a: Iron Valiant\n|\n|upkeep\n|turn|20\n|\n|t:|1788272168\n|switch|p2a: MY WIFE|Muk-Alola, F|64/100\n|-damage|p2a: MY WIFE|52/100|[from] Stealth Rock\n|move|p1a: Iron Valiant|Shadow Ball|p2a: MY WIFE\n|-resisted|p2a: MY WIFE\n|-damage|p2a: MY WIFE|41/100\n|-unboost|p2a: MY WIFE|spd|1\n|\n|upkeep\n|turn|21\n|\n|t:|1788272178\n|-end|p1a: Iron Valiant|Quark Drive|[silent]\n|switch|p1a: Great Tusk|Great Tusk|73/100\n|move|p2a: MY WIFE|Poison Jab|p1a: Great Tusk\n|-resisted|p1a: Great Tusk\n|-damage|p1a: Great Tusk|59/100\n|-status|p1a: Great Tusk|psn\n|\n|-damage|p1a: Great Tusk|47/100 psn|[from] psn\n|upkeep\n|turn|22\n|inactive|bena13 has 120 seconds left.\n|\n|t:|1788272209\n|-end|p1a: Great Tusk|Protosynthesis|[silent]\n|switch|p1a: Lokix|Lokix, M, shiny, tera:Bug|100/100\n|-terastallize|p2a: MY WIFE|Flying\n|move|p2a: MY WIFE|Drain Punch|p1a: Lokix\n|-resisted|p1a: Lokix\n|-damage|p1a: Lokix|81/100\n|-heal|p2a: MY WIFE|48/100|[from] drain|[of] p1a: Lokix\n|\n|upkeep\n|turn|23\n|inactive|bena13 has 120 seconds left.\n|\n|t:|1788272220\n|move|p1a: Lokix|U-turn|p2a: MY WIFE\n|-resisted|p2a: MY WIFE\n|-damage|p2a: MY WIFE|0 fnt\n|faint|p2a: MY WIFE\n|\n|t:|1788272227\n|switch|p1a: Iron Valiant|Iron Valiant, shiny|100/100|[from] U-turn\n|\n|upkeep\n|\n|t:|1788272232\n|switch|p2a: Lohengrin|Swanna, F|100/100\n|-damage|p2a: Lohengrin|75/100|[from] Stealth Rock\n|turn|24\n|\n|t:|1788272237\n|move|p1a: Iron Valiant|Moonblast|p2a: Lohengrin\n|-damage|p2a: Lohengrin|0 fnt\n|faint|p2a: Lohengrin\n|\n|upkeep\n|-message|bena13 forfeited.\n|\n|win|2016 ao vc\n|raw|2016 ao vc's rating: 1354 &rarr; <strong>1376</strong><br />(+22 for winning)\n|raw|bena13's rating: 1397 &rarr; <strong>1375</strong><br />(-22 for losing)\n|l|\u2606bena13\n|player|p2|\n|l|\u26062016 ao vc\n|player|p1|\n", "uploadtime": 1788272434, "views": "0", "formatid": "gen9ou", "rating": 1375, "private": 0, "password": null}