{"id": "gen9ou-2673969724", "format": "[Gen 9] OU", "players": ["Niavra", "ridlostar"], "log": "|badge|p1|silver|gen9monotype|30-10\n|uhtml|medal-msg|<div class=\"broadcast-blue\">Curious what those medals under the avatar are? PS now has Ladder Seasons! For more information, check out the <a href=\"https://www.smogon.com/forums/threads/3740067/\">thread on Smogon.</a></div>\n|j|\u2606Niavra\n|j|\u2606ridlostar\n|t:|1788283144\n|gametype|singles\n|player|p1|Niavra|poppy|1445\n|player|p2|ridlostar|hilbert|1470\n|gen|9\n|tier|[Gen 9] OU\n|rated|\n|rule|HP Percentage Mod: HP is shown in percentages\n|rule|Endless Battle Clause: Forcing endless battles is banned\n|rule|Species Clause: Limit one of each Pok\u00e9mon\n|rule|OHKO Clause: OHKO moves are banned\n|rule|Evasion Items Clause: Evasion items are banned\n|rule|Evasion Moves Clause: Evasion moves are banned\n|rule|Evasion Abilities Clause: Evasion abilities are banned\n|rule|Sleep Moves Clause: Sleep-inducing moves are banned\n|clearpoke\n|poke|p1|Pelipper, L99, F|\n|poke|p1|Barraskewda, F|\n|poke|p1|Raging Bolt|\n|poke|p1|Golduck, F|\n|poke|p1|Pawmot, F|\n|poke|p1|Tentacruel, F|\n|poke|p2|Toedscruel, M|\n|poke|p2|Darkrai|\n|poke|p2|Cresselia, F|\n|poke|p2|Clodsire, M|\n|poke|p2|Dragonite, M|\n|poke|p2|Alomomola, F|\n|teampreview\n|inactive|Battle timer is ON: inactive players will automatically lose when time's up. (requested by Niavra)\n|inactive|ridlostar has 120 seconds left.\n|inactive|ridlostar has 90 seconds left.\n|\n|t:|1788283214\n|teamsize|p1|6\n|teamsize|p2|6\n|start\n|switch|p1a: ExSkewda Me|Barraskewda, F|100/100\n|switch|p2a: Keanu Reeves|Darkrai|100/100\n|turn|1\n|\n|t:|1788283219\n|switch|p1a: Spaghetti Too|Tentacruel, F|100/100\n|move|p2a: Keanu Reeves|Knock Off|p1a: Spaghetti Too\n|-damage|p1a: Spaghetti Too|49/100\n|-enditem|p1a: Spaghetti Too|Assault Vest|[from] move: Knock Off|[of] p2a: Keanu Reeves\n|\n|upkeep\n|turn|2\n|\n|t:|1788283226\n|switch|p2a: Fair and Balanced|Alomomola, F|100/100\n|move|p1a: Spaghetti Too|Mirror Coat||[still]\n|-fail|p1a: Spaghetti Too\n|\n|upkeep\n|turn|3\n|\n|t:|1788283233\n|move|p1a: Spaghetti Too|Poison Jab|p2a: Fair and Balanced\n|-damage|p2a: Fair and Balanced|86/100\n|-status|p2a: Fair and Balanced|psn\n|move|p2a: Fair and Balanced|Flip Turn|p1a: Spaghetti Too\n|-resisted|p1a: Spaghetti Too\n|-damage|p1a: Spaghetti Too|38/100\n|\n|t:|1788283255\n|switch|p2a: Keanu Reeves|Darkrai|100/100|[from] Flip Turn\n|\n|upkeep\n|turn|4\n|\n|t:|1788283281\n|move|p2a: Keanu Reeves|Will-O-Wisp|p1a: Spaghetti Too\n|-status|p1a: Spaghetti Too|brn\n|move|p1a: Spaghetti Too|Flip Turn|p2a: Keanu Reeves\n|-damage|p2a: Keanu Reeves|90/100\n|\n|t:|1788283289\n|switch|p1a: Ghoti carrier|Pelipper, L99, F|100/100|[from] Flip Turn\n|-weather|RainDance|[from] ability: Drizzle|[of] p1a: Ghoti carrier\n|\n|-weather|RainDance|[upkeep]\n|upkeep\n|turn|5\n|\n|t:|1788283293\n|move|p2a: Keanu Reeves|Knock Off|p1a: Ghoti carrier\n|-damage|p1a: Ghoti carrier|70/100\n|-enditem|p1a: Ghoti carrier|Damp Rock|[from] move: Knock Off|[of] p2a: Keanu Reeves\n|move|p1a: Ghoti carrier|U-turn|p2a: Keanu Reeves\n|-supereffective|p2a: Keanu Reeves\n|-enditem|p2a: Keanu Reeves|Tanga Berry|[eat]\n|-enditem|p2a: Keanu Reeves|Tanga Berry|[weaken]\n|-damage|p2a: Keanu Reeves|75/100\n|\n|t:|1788283297\n|switch|p1a: ExSkewda Me|Barraskewda, F|100/100|[from] U-turn\n|\n|-weather|RainDance|[upkeep]\n|upkeep\n|turn|6\n|\n|t:|1788283304\n|switch|p2a: Fair and Balanced|Alomomola, F|100/100 psn\n|move|p1a: ExSkewda Me|Liquidation|p2a: Fair and Balanced\n|-resisted|p2a: Fair and Balanced\n|-damage|p2a: Fair and Balanced|69/100 psn\n|\n|-weather|RainDance|[upkeep]\n|-damage|p2a: Fair and Balanced|57/100 psn|[from] psn\n|upkeep\n|turn|7\n|\n|t:|1788283323\n|move|p1a: ExSkewda Me|Flip Turn|p2a: Fair and Balanced\n|-resisted|p2a: Fair and Balanced\n|-damage|p2a: Fair and Balanced|36/100 psn\n|\n|t:|1788283330\n|switch|p1a: Seaking Duck|Golduck, F|100/100|[from] Flip Turn\n|move|p2a: Fair and Balanced|Flip Turn|p1a: Seaking Duck\n|-resisted|p1a: Seaking Duck\n|-damage|p1a: Seaking Duck|84/100\n|\n|t:|1788283352\n|switch|p2a: Squidward?|Toedscruel, M|100/100|[from] Flip Turn\n|\n|-weather|RainDance|[upkeep]\n|upkeep\n|turn|8\n|\n|t:|1788283363\n|move|p1a: Seaking Duck|Ice Beam|p2a: Squidward?\n|-supereffective|p2a: Squidward?\n|-damage|p2a: Squidward?|0 fnt\n|faint|p2a: Squidward?\n|-damage|p1a: Seaking Duck|74/100|[from] item: Life Orb\n|\n|-weather|RainDance|[upkeep]\n|upkeep\n|\n|t:|1788283372\n|switch|p2a: Fair and Balanced|Alomomola, F|69/100 psn\n|turn|9\n|inactive|Niavra has 120 seconds left.\n|\n|t:|1788283420\n|move|p1a: Seaking Duck|Nasty Plot|p1a: Seaking Duck\n|-boost|p1a: Seaking Duck|spa|2\n|move|p2a: Fair and Balanced|Flip Turn|p1a: Seaking Duck\n|-resisted|p1a: Seaking Duck\n|-damage|p1a: Seaking Duck|58/100\n|\n|t:|1788283426\n|switch|p2a: Big Man|Clodsire, M|100/100|[from] Flip Turn\n|\n|-weather|RainDance|[upkeep]\n|upkeep\n|turn|10\n|\n|t:|1788283433\n|-terastallize|p2a: Big Man|Dark\n|move|p1a: Seaking Duck|Hydro Pump|p2a: Big Man\n|-damage|p2a: Big Man|22/100\n|-damage|p1a: Seaking Duck|48/100|[from] item: Life Orb\n|move|p2a: Big Man|Toxic|p1a: Seaking Duck\n|-status|p1a: Seaking Duck|tox\n|\n|-weather|RainDance|[upkeep]\n|-heal|p2a: Big Man|29/100|[from] item: Leftovers\n|-damage|p1a: Seaking Duck|42/100 tox|[from] psn\n|upkeep\n|turn|11\n|\n|t:|1788283449\n|switch|p2a: him|Dragonite, M|100/100\n|move|p1a: Seaking Duck|Hydro Pump|p2a: him\n|-resisted|p2a: him\n|-damage|p2a: him|49/100\n|-damage|p1a: Seaking Duck|32/100 tox|[from] item: Life Orb\n|\n|-weather|none\n|-heal|p2a: him|55/100|[from] item: Leftovers\n|-damage|p1a: Seaking Duck|20/100 tox|[from] psn\n|upkeep\n|turn|12\n|inactive|Niavra has 120 seconds left.\n|\n|t:|1788283478\n|switch|p2a: Fair and Balanced|Alomomola, F|100/100 psn\n|-terastallize|p1a: Seaking Duck|Ghost\n|move|p1a: Seaking Duck|Ice Beam|p2a: Fair and Balanced\n|-resisted|p2a: Fair and Balanced\n|-damage|p2a: Fair and Balanced|75/100 psn\n|-damage|p1a: Seaking Duck|10/100 tox|[from] item: Life Orb\n|\n|-damage|p1a: Seaking Duck|0 fnt|[from] psn\n|faint|p1a: Seaking Duck\n|-damage|p2a: Fair and Balanced|63/100 psn|[from] psn\n|upkeep\n|\n|t:|1788283483\n|switch|p1a: Really want eject|Pawmot, F|100/100\n|turn|13\n|\n|t:|1788283496\n|move|p1a: Really want eject|Nuzzle|p2a: Fair and Balanced\n|-supereffective|p2a: Fair and Balanced\n|-damage|p2a: Fair and Balanced|51/100 psn\n|move|p2a: Fair and Balanced|Flip Turn|p1a: Really want eject\n|-damage|p1a: Really want eject|78/100\n|\n|t:|1788283509\n|switch|p2a: Keanu Reeves|Darkrai|75/100|[from] Flip Turn\n|\n|upkeep\n|turn|14\n|\n|t:|1788283516\n|move|p2a: Keanu Reeves|Knock Off|p1a: Really want eject\n|-resisted|p1a: Really want eject\n|-damage|p1a: Really want eject|52/100\n|-enditem|p1a: Really want eject|Leppa Berry|[from] move: Knock Off|[of] p2a: Keanu Reeves\n|move|p1a: Really want eject|Nuzzle|p2a: Keanu Reeves\n|-damage|p2a: Keanu Reeves|64/100\n|-status|p2a: Keanu Reeves|par\n|\n|upkeep\n|turn|15\n|\n|t:|1788283533\n|switch|p2a: Fair and Balanced|Alomomola, F|84/100 psn\n|move|p1a: Really want eject|Revival Blessing|p1a: Really want eject\n|\n|t:|1788283550\n|-heal|p1: Seaking Duck|50/100|[from] move: Revival Blessing\n|\n|-damage|p2a: Fair and Balanced|72/100 psn|[from] psn\n|upkeep\n|turn|16\n|\n|t:|1788283561\n|switch|p2a: why|Cresselia, F, shiny|100/100\n|move|p1a: Really want eject|Close Combat|p2a: why\n|-resisted|p2a: why\n|-damage|p2a: why|89/100\n|-unboost|p1a: Really want eject|def|1\n|-unboost|p1a: Really want eject|spd|1\n|\n|-heal|p2a: why|95/100|[from] item: Leftovers\n|upkeep\n|turn|17\n|\n|t:|1788283570\n|move|p1a: Really want eject|Nuzzle|p2a: why\n|-damage|p2a: why|91/100\n|-status|p2a: why|par\n|cant|p2a: why|par\n|\n|-heal|p2a: why|97/100 par|[from] item: Leftovers\n|upkeep\n|turn|18\n|\n|t:|1788283581\n|switch|p1a: Ghoti carrier|Pelipper, L99, F|70/100\n|-weather|RainDance|[from] ability: Drizzle|[of] p1a: Ghoti carrier\n|move|p2a: why|Calm Mind|p2a: why\n|-boost|p2a: why|spa|1\n|-boost|p2a: why|spd|1\n|\n|-weather|RainDance|[upkeep]\n|-heal|p2a: why|100/100 par|[from] item: Leftovers\n|upkeep\n|turn|19\n|\n|t:|1788283589\n|switch|p1a: Really want eject|Pawmot, F|52/100\n|move|p2a: why|Moonblast|p1a: Really want eject\n|-supereffective|p1a: Really want eject\n|-damage|p1a: Really want eject|0 fnt\n|faint|p1a: Really want eject\n|\n|-weather|RainDance|[upkeep]\n|upkeep\n|\n|t:|1788283610\n|switch|p1a: ExSkewda Me|Barraskewda, F|100/100\n|turn|20\n|\n|t:|1788283614\n|move|p1a: ExSkewda Me|Liquidation|p2a: why\n|-damage|p2a: why|56/100 par\n|move|p2a: why|Moonblast|p1a: ExSkewda Me\n|-damage|p1a: ExSkewda Me|44/100\n|-unboost|p1a: ExSkewda Me|spa|1\n|\n|-weather|RainDance|[upkeep]\n|-heal|p2a: why|62/100 par|[from] item: Leftovers\n|upkeep\n|turn|21\n|\n|t:|1788283623\n|move|p1a: ExSkewda Me|Flip Turn|p2a: why\n|-damage|p2a: why|30/100 par\n|\n|t:|1788283626\n|switch|p1a: Seaking Duck|Golduck, F|50/100|[from] Flip Turn\n|move|p2a: why|Moonblast|p1a: Seaking Duck\n|-damage|p1a: Seaking Duck|14/100\n|\n|-weather|RainDance|[upkeep]\n|-heal|p2a: why|37/100 par|[from] item: Leftovers\n|upkeep\n|turn|22\n|\n|t:|1788283631\n|switch|p2a: Fair and Balanced|Alomomola, F|100/100 psn\n|move|p1a: Seaking Duck|Nasty Plot|p1a: Seaking Duck\n|-boost|p1a: Seaking Duck|spa|2\n|\n|-weather|none\n|-damage|p2a: Fair and Balanced|88/100 psn|[from] psn\n|upkeep\n|turn|23\n|\n|t:|1788283636\n|switch|p2a: Keanu Reeves|Darkrai|64/100 par\n|move|p1a: Seaking Duck|Hydro Pump|p2a: Keanu Reeves\n|-damage|p2a: Keanu Reeves|0 fnt\n|faint|p2a: Keanu Reeves\n|-damage|p1a: Seaking Duck|4/100|[from] item: Life Orb\n|\n|upkeep\n|\n|t:|1788283639\n|switch|p2a: Fair and Balanced|Alomomola, F|100/100 psn\n|turn|24\n|\n|t:|1788283643\n|move|p1a: Seaking Duck|Nasty Plot|p1a: Seaking Duck\n|-boost|p1a: Seaking Duck|spa|2\n|move|p2a: Fair and Balanced|Wish|p2a: Fair and Balanced\n|\n|-damage|p2a: Fair and Balanced|88/100 psn|[from] psn\n|upkeep\n|turn|25\n|\n|t:|1788283650\n|switch|p2a: him|Dragonite, M|55/100\n|move|p1a: Seaking Duck|Hydro Pump|p2a: him\n|-resisted|p2a: him\n|-damage|p2a: him|0 fnt\n|faint|p2a: him\n|-damage|p1a: Seaking Duck|0 fnt|[from] item: Life Orb\n|faint|p1a: Seaking Duck\n|\n|upkeep\n|\n|t:|1788283668\n|switch|p2a: Big Man|Clodsire, M, tera:Dark|29/100\n|switch|p1a: Great Neck|Raging Bolt|100/100\n|turn|26\n|\n|t:|1788283678\n|move|p1a: Great Neck|Draco Meteor|p2a: Big Man\n|-damage|p2a: Big Man|0 fnt\n|-unboost|p1a: Great Neck|spa|2\n|faint|p2a: Big Man\n|\n|upkeep\n|\n|t:|1788283682\n|switch|p2a: Fair and Balanced|Alomomola, F|100/100 psn\n|turn|27\n|\n|t:|1788283695\n|-end|p1a: Great Neck|Protosynthesis|[silent]\n|switch|p1a: Ghoti carrier|Pelipper, L99, F|70/100\n|-weather|RainDance|[from] ability: Drizzle|[of] p1a: Ghoti carrier\n|move|p2a: Fair and Balanced|Healing Wish|p2a: Fair and Balanced\n|faint|p2a: Fair and Balanced\n|\n|-weather|RainDance|[upkeep]\n|upkeep\n|\n|t:|1788283697\n|switch|p2a: why|Cresselia, F, shiny|37/100 par\n|-heal|p2a: why|100/100|[from] move: Healing Wish\n|turn|28\n|\n|t:|1788283703\n|move|p2a: why|Calm Mind|p2a: why\n|-boost|p2a: why|spa|1\n|-boost|p2a: why|spd|1\n|move|p1a: Ghoti carrier|U-turn|p2a: why\n|-supereffective|p2a: why\n|-damage|p2a: why|91/100\n|\n|t:|1788283704\n|switch|p1a: ExSkewda Me|Barraskewda, F|44/100|[from] U-turn\n|\n|-weather|RainDance|[upkeep]\n|-heal|p2a: why|98/100|[from] item: Leftovers\n|upkeep\n|turn|29\n|\n|t:|1788283711\n|move|p1a: ExSkewda Me|Liquidation|p2a: why\n|-damage|p2a: why|55/100\n|move|p2a: why|Moonlight|p2a: why\n|-heal|p2a: why|80/100\n|\n|-weather|RainDance|[upkeep]\n|-heal|p2a: why|87/100|[from] item: Leftovers\n|upkeep\n|turn|30\n|\n|t:|1788283714\n|move|p1a: ExSkewda Me|Liquidation|p2a: why\n|-damage|p2a: why|46/100\n|-unboost|p2a: why|def|1\n|move|p2a: why|Moonblast|p1a: ExSkewda Me\n|-damage|p1a: ExSkewda Me|0 fnt\n|faint|p1a: ExSkewda Me\n|\n|-weather|RainDance|[upkeep]\n|-heal|p2a: why|52/100|[from] item: Leftovers\n|upkeep\n|\n|t:|1788283718\n|switch|p1a: Great Neck|Raging Bolt|100/100\n|turn|31\n|\n|t:|1788283721\n|move|p1a: Great Neck|Thunder|p2a: why\n|-damage|p2a: why|25/100\n|move|p2a: why|Moonlight|p2a: why\n|-heal|p2a: why|50/100\n|\n|-weather|none\n|-heal|p2a: why|56/100|[from] item: Leftovers\n|upkeep\n|turn|32\n|\n|t:|1788283725\n|move|p1a: Great Neck|Thunder|p2a: why|[miss]\n|-miss|p1a: Great Neck|p2a: why\n|move|p2a: why|Moonlight|p2a: why\n|-heal|p2a: why|100/100\n|\n|upkeep\n|turn|33\n|\n|t:|1788283729\n|move|p1a: Great Neck|Thunder|p2a: why\n|-damage|p2a: why|72/100\n|-status|p2a: why|par\n|move|p2a: why|Calm Mind|p2a: why\n|-boost|p2a: why|spa|1\n|-boost|p2a: why|spd|1\n|\n|-heal|p2a: why|78/100 par|[from] item: Leftovers\n|upkeep\n|turn|34\n|\n|t:|1788283739\n|-end|p1a: Great Neck|Protosynthesis|[silent]\n|switch|p1a: Ghoti carrier|Pelipper, L99, F|70/100\n|-weather|RainDance|[from] ability: Drizzle|[of] p1a: Ghoti carrier\n|cant|p2a: why|par\n|\n|-weather|RainDance|[upkeep]\n|-heal|p2a: why|84/100 par|[from] item: Leftovers\n|upkeep\n|turn|35\n|inactive|Niavra has 120 seconds left.\n|\n|t:|1788283770\n|move|p1a: Ghoti carrier|Hurricane|p2a: why\n|-damage|p2a: why|72/100 par\n|-start|p2a: why|confusion\n|-activate|p2a: why|confusion\n|move|p2a: why|Moonblast|p1a: Ghoti carrier\n|-damage|p1a: Ghoti carrier|22/100\n|\n|-weather|RainDance|[upkeep]\n|-heal|p2a: why|78/100 par|[from] item: Leftovers\n|upkeep\n|turn|36\n|\n|t:|1788283775\n|move|p1a: Ghoti carrier|U-turn|p2a: why\n|-supereffective|p2a: why\n|-damage|p2a: why|64/100 par\n|\n|t:|1788283781\n|switch|p1a: Spaghetti Too|Tentacruel, F|38/100 brn|[from] U-turn\n|-end|p2a: why|confusion\n|move|p2a: why|Moonlight|p2a: why\n|-heal|p2a: why|89/100 par\n|\n|-weather|RainDance|[upkeep]\n|-heal|p1a: Spaghetti Too|44/100 brn|[from] ability: Rain Dish\n|-heal|p2a: why|95/100 par|[from] item: Leftovers\n|-damage|p1a: Spaghetti Too|38/100 brn|[from] brn\n|upkeep\n|turn|37\n|\n|t:|1788283786\n|move|p1a: Spaghetti Too|Poison Jab|p2a: why\n|-damage|p2a: why|87/100 par\n|cant|p2a: why|par\n|\n|-weather|RainDance|[upkeep]\n|-heal|p1a: Spaghetti Too|44/100 brn|[from] ability: Rain Dish\n|-heal|p2a: why|93/100 par|[from] item: Leftovers\n|-damage|p1a: Spaghetti Too|38/100 brn|[from] brn\n|upkeep\n|turn|38\n|\n|t:|1788283789\n|move|p1a: Spaghetti Too|Poison Jab|p2a: why\n|-damage|p2a: why|85/100 par\n|cant|p2a: why|par\n|\n|-weather|none\n|-heal|p2a: why|91/100 par|[from] item: Leftovers\n|-damage|p1a: Spaghetti Too|32/100 brn|[from] brn\n|upkeep\n|turn|39\n|\n|t:|1788283793\n|move|p1a: Spaghetti Too|Poison Jab|p2a: why\n|-damage|p2a: why|82/100 par\n|move|p2a: why|Calm Mind|p2a: why\n|-boost|p2a: why|spa|1\n|-boost|p2a: why|spd|1\n|\n|-heal|p2a: why|89/100 par|[from] item: Leftovers\n|-damage|p1a: Spaghetti Too|25/100 brn|[from] brn\n|upkeep\n|turn|40\n|\n|t:|1788283799\n|move|p1a: Spaghetti Too|Flip Turn|p2a: why\n|-damage|p2a: why|82/100 par\n|\n|t:|1788283803\n|switch|p1a: Ghoti carrier|Pelipper, L99, F|22/100|[from] Flip Turn\n|-weather|RainDance|[from] ability: Drizzle|[of] p1a: Ghoti carrier\n|move|p2a: why|Calm Mind|p2a: why\n|-boost|p2a: why|spa|1\n|-boost|p2a: why|spd|1\n|\n|-weather|RainDance|[upkeep]\n|-heal|p2a: why|89/100 par|[from] item: Leftovers\n|upkeep\n|turn|41\n|\n|t:|1788283809\n|move|p1a: Ghoti carrier|Hurricane|p2a: why\n|-damage|p2a: why|80/100 par\n|move|p2a: why|Moonblast|p1a: Ghoti carrier\n|-damage|p1a: Ghoti carrier|0 fnt\n|faint|p1a: Ghoti carrier\n|\n|-weather|RainDance|[upkeep]\n|-heal|p2a: why|87/100 par|[from] item: Leftovers\n|upkeep\n|\n|t:|1788283820\n|switch|p1a: Great Neck|Raging Bolt|100/100\n|turn|42\n|\n|t:|1788283825\n|move|p1a: Great Neck|Thunder|p2a: why\n|-damage|p2a: why|72/100 par\n|move|p2a: why|Stored Power|p1a: Great Neck\n|-damage|p1a: Great Neck|0 fnt\n|faint|p1a: Great Neck\n|-end|p1a: Great Neck|Protosynthesis|[silent]\n|\n|-weather|RainDance|[upkeep]\n|-heal|p2a: why|78/100 par|[from] item: Leftovers\n|upkeep\n|inactive|Niavra has 120 seconds left.\n|\n|t:|1788283884\n|switch|p1a: Spaghetti Too|Tentacruel, F|25/100 brn\n|turn|43\n|\n|t:|1788283894\n|move|p1a: Spaghetti Too|Flip Turn|p2a: why\n|-damage|p2a: why|68/100 par\n|move|p2a: why|Stored Power|p1a: Spaghetti Too\n|-supereffective|p1a: Spaghetti Too\n|-crit|p1a: Spaghetti Too\n|-damage|p1a: Spaghetti Too|0 fnt\n|faint|p1a: Spaghetti Too\n|\n|win|ridlostar\n|raw|Niavra's rating: 1424 &rarr; <strong>1407</strong><br />(-17 for losing)\n|raw|ridlostar's rating: 1470 &rarr; <strong>1487</strong><br />(+17 for winning)\n|c|\u2606ridlostar|gg\n|l|\u2606ridlostar\n|player|p2|\n|l|\u2606Niavra\n|player|p1|\n", "uploadtime": 1788284253, "views": "0", "formatid": "gen9ou", "rating": 1407, "private": 0, "password": null}