{"id": "gen9ou-2673904078", "format": "[Gen 9] OU", "players": ["Landsl!de", "MegaMHX"], "log": "|j|\u2606Landsl!de\n|j|\u2606MegaMHX\n|t:|1788275284\n|gametype|singles\n|player|p1|Landsl!de|psychic-gen4|1483\n|player|p2|MegaMHX|miku-ground|1457\n|gen|9\n|tier|[Gen 9] OU\n|rated|\n|rule|HP Percentage Mod: HP is shown in percentages\n|rule|Endless Battle Clause: Forcing endless battles is banned\n|rule|Species Clause: Limit one of each Pok\u00e9mon\n|rule|OHKO Clause: OHKO moves are banned\n|rule|Evasion Items Clause: Evasion items are banned\n|rule|Evasion Moves Clause: Evasion moves are banned\n|rule|Evasion Abilities Clause: Evasion abilities are banned\n|rule|Sleep Moves Clause: Sleep-inducing moves are banned\n|clearpoke\n|poke|p1|Landorus-Therian, M|\n|poke|p1|Darkrai|\n|poke|p1|Hatterene, F|\n|poke|p1|Garchomp, F|\n|poke|p1|Gholdengo|\n|poke|p1|Ogerpon-Wellspring, F|\n|poke|p2|Ogerpon-Wellspring, F|\n|poke|p2|Weezing-Galar, M|\n|poke|p2|Thundurus-Therian, M|\n|poke|p2|Alomomola, F|\n|poke|p2|Lokix, M|\n|poke|p2|Kyurem|\n|teampreview\n|inactive|Battle timer is ON: inactive players will automatically lose when time's up. (requested by MegaMHX)\n|\n|t:|1788275344\n|teamsize|p1|6\n|teamsize|p2|6\n|start\n|switch|p1a: Hatterene|Hatterene, F|100/100\n|switch|p2a: Lokix|Lokix, M|100/100\n|turn|1\n|\n|t:|1788275350\n|move|p2a: Lokix|U-turn|p1a: Hatterene\n|-damage|p1a: Hatterene|39/100\n|\n|t:|1788275357\n|switch|p2a: Thundurus|Thundurus-Therian, M|100/100|[from] U-turn\n|move|p1a: Hatterene|Mystical Fire|p2a: Thundurus\n|-damage|p2a: Thundurus|65/100\n|-unboost|p2a: Thundurus|spa|1\n|\n|upkeep\n|turn|2\n|\n|t:|1788275367\n|switch|p1a: Landorus|Landorus-Therian, M|100/100\n|-ability|p1a: Landorus|Intimidate|boost\n|-unboost|p2a: Thundurus|atk|1\n|move|p2a: Thundurus|Volt Switch|p1a: Landorus\n|-immune|p1a: Landorus\n|\n|upkeep\n|turn|3\n|\n|t:|1788275394\n|switch|p2a: Ogerpon|Ogerpon-Wellspring, F|100/100\n|move|p1a: Landorus|Outrage|p2a: Ogerpon\n|-damage|p2a: Ogerpon|40/100\n|\n|upkeep\n|turn|4\n|\n|t:|1788275400\n|move|p1a: Landorus|Outrage|p2a: Ogerpon|[from] lockedmove\n|-damage|p2a: Ogerpon|0 fnt\n|faint|p2a: Ogerpon\n|\n|upkeep\n|\n|t:|1788275409\n|switch|p2a: Weezing|Weezing-Galar, M|100/100\n|-ability|p2a: Weezing|Neutralizing Gas\n|turn|5\n|\n|t:|1788275416\n|move|p1a: Landorus|Outrage|p2a: Weezing|[from] lockedmove\n|-immune|p2a: Weezing\n|-start|p1a: Landorus|confusion|[fatigue]\n|move|p2a: Weezing|Will-O-Wisp|p1a: Landorus\n|-status|p1a: Landorus|brn\n|\n|-damage|p1a: Landorus|95/100 brn|[from] brn\n|upkeep\n|turn|6\n|\n|t:|1788275436\n|switch|p1a: Hatterene|Hatterene, F|39/100\n|-end|p2a: Weezing|ability: Neutralizing Gas\n|switch|p2a: Lokix|Lokix, M|100/100\n|\n|upkeep\n|turn|7\n|\n|t:|1788275443\n|switch|p1a: Garchomp|Garchomp, F|100/100\n|move|p2a: Lokix|U-turn|p1a: Garchomp\n|-damage|p1a: Garchomp|67/100\n|-damage|p2a: Lokix|88/100|[from] ability: Rough Skin|[of] p1a: Garchomp\n|-damage|p2a: Lokix|72/100|[from] item: Rocky Helmet|[of] p1a: Garchomp\n|\n|t:|1788275461\n|switch|p2a: Kyurem|Kyurem|100/100|[from] U-turn\n|-ability|p2a: Kyurem|Pressure\n|\n|upkeep\n|turn|8\n|inactive|Landsl!de has 120 seconds left.\n|\n|t:|1788275513\n|move|p2a: Kyurem|Freeze-Dry|p1a: Garchomp\n|-supereffective|p1a: Garchomp\n|-crit|p1a: Garchomp\n|-damage|p1a: Garchomp|0 fnt\n|faint|p1a: Garchomp\n|\n|upkeep\n|inactive|Landsl!de has 90 seconds left.\n|\n|t:|1788275531\n|switch|p1a: Darkrai|Darkrai|100/100\n|turn|9\n|\n|t:|1788275541\n|switch|p2a: Weezing|Weezing-Galar, M|100/100\n|-ability|p2a: Weezing|Neutralizing Gas\n|move|p1a: Darkrai|Dark Pulse|p2a: Weezing\n|-resisted|p2a: Weezing\n|-damage|p2a: Weezing|73/100\n|\n|-heal|p2a: Weezing|79/100|[from] item: Leftovers\n|upkeep\n|turn|10\n|\n|t:|1788275548\n|switch|p1a: Hatterene|Hatterene, F|39/100\n|move|p2a: Weezing|Sludge Bomb|p1a: Hatterene\n|-supereffective|p1a: Hatterene\n|-damage|p1a: Hatterene|6/100\n|\n|-heal|p2a: Weezing|85/100|[from] item: Leftovers\n|upkeep\n|turn|11\n|\n|t:|1788275551\n|move|p2a: Weezing|Sludge Bomb|p1a: Hatterene\n|-supereffective|p1a: Hatterene\n|-damage|p1a: Hatterene|0 fnt\n|faint|p1a: Hatterene\n|\n|-heal|p2a: Weezing|91/100|[from] item: Leftovers\n|upkeep\n|\n|t:|1788275554\n|switch|p1a: Landorus|Landorus-Therian, M|95/100 brn\n|turn|12\n|inactive|Landsl!de has 120 seconds left.\n|\n|t:|1788275567\n|move|p2a: Weezing|Protect|p2a: Weezing\n|-singleturn|p2a: Weezing|Protect\n|move|p1a: Landorus|Earthquake|p2a: Weezing\n|-activate|p2a: Weezing|move: Protect\n|\n|-heal|p2a: Weezing|97/100|[from] item: Leftovers\n|-damage|p1a: Landorus|89/100 brn|[from] brn\n|upkeep\n|turn|13\n|inactive|Landsl!de has 120 seconds left.\n|inactive|Landsl!de has 90 seconds left.\n|\n|t:|1788275622\n|switch|p1a: Gholdengo|Gholdengo|100/100\n|-item|p1a: Gholdengo|Air Balloon\n|-end|p2a: Weezing|ability: Neutralizing Gas\n|switch|p2a: Thundurus|Thundurus-Therian, M|65/100\n|\n|upkeep\n|turn|14\n|\n|t:|1788275645\n|move|p2a: Thundurus|Thunderbolt|p1a: Gholdengo\n|-damage|p1a: Gholdengo|48/100\n|-enditem|p1a: Gholdengo|Air Balloon\n|move|p1a: Gholdengo|Nasty Plot|p1a: Gholdengo\n|-boost|p1a: Gholdengo|spa|2\n|\n|upkeep\n|turn|15\n|inactive|Landsl!de has 90 seconds left.\n|\n|t:|1788275664\n|switch|p1a: Landorus|Landorus-Therian, M|89/100 brn\n|-ability|p1a: Landorus|Intimidate|boost\n|-unboost|p2a: Thundurus|atk|1\n|move|p2a: Thundurus|Thunderbolt|p1a: Landorus\n|-immune|p1a: Landorus\n|\n|-damage|p1a: Landorus|83/100 brn|[from] brn\n|upkeep\n|turn|16\n|\n|t:|1788275669\n|switch|p2a: Alomomola|Alomomola, F|100/100\n|move|p1a: Landorus|Stone Edge|p2a: Alomomola\n|-damage|p2a: Alomomola|90/100\n|\n|-damage|p1a: Landorus|77/100 brn|[from] brn\n|upkeep\n|turn|17\n|\n|t:|1788275683\n|switch|p1a: Ogerpon|Ogerpon-Wellspring, F|100/100\n|move|p2a: Alomomola|Wish|p2a: Alomomola\n|\n|upkeep\n|turn|18\n|\n|t:|1788275692\n|switch|p2a: Weezing|Weezing-Galar, M|97/100\n|-ability|p2a: Weezing|Neutralizing Gas\n|move|p1a: Ogerpon|Knock Off|p2a: Weezing\n|-resisted|p2a: Weezing\n|-damage|p2a: Weezing|81/100\n|-enditem|p2a: Weezing|Leftovers|[from] move: Knock Off|[of] p1a: Ogerpon\n|\n|-heal|p2a: Weezing|100/100|[from] move: Wish|[wisher] Alomomola\n|upkeep\n|turn|19\n|\n|t:|1788275703\n|move|p1a: Ogerpon|U-turn|p2a: Weezing\n|-resisted|p2a: Weezing\n|-damage|p2a: Weezing|94/100\n|\n|t:|1788275705\n|switch|p1a: Gholdengo|Gholdengo|48/100|[from] U-turn\n|move|p2a: Weezing|Sludge Bomb|p1a: Gholdengo\n|-immune|p1a: Gholdengo\n|\n|upkeep\n|turn|20\n|\n|t:|1788275713\n|-end|p2a: Weezing|ability: Neutralizing Gas\n|switch|p2a: Thundurus|Thundurus-Therian, M|65/100\n|move|p1a: Gholdengo|Recover|p1a: Gholdengo\n|-heal|p1a: Gholdengo|98/100\n|\n|upkeep\n|turn|21\n|\n|t:|1788275721\n|move|p2a: Thundurus|Nasty Plot|p2a: Thundurus\n|-boost|p2a: Thundurus|spa|2\n|move|p1a: Gholdengo|Shadow Ball|p2a: Thundurus\n|-crit|p2a: Thundurus\n|-damage|p2a: Thundurus|0 fnt\n|faint|p2a: Thundurus\n|\n|upkeep\n|\n|t:|1788275732\n|switch|p2a: Kyurem|Kyurem|100/100\n|-ability|p2a: Kyurem|Pressure\n|turn|22\n|inactive|Landsl!de has 120 seconds left.\n|\n|t:|1788275758\n|-terastallize|p1a: Gholdengo|Fairy\n|move|p2a: Kyurem|Earth Power|p1a: Gholdengo\n|-crit|p1a: Gholdengo\n|-damage|p1a: Gholdengo|32/100\n|move|p1a: Gholdengo|Nasty Plot|p1a: Gholdengo\n|-boost|p1a: Gholdengo|spa|2\n|\n|upkeep\n|turn|23\n|\n|t:|1788275766\n|move|p2a: Kyurem|Earth Power|p1a: Gholdengo\n|-damage|p1a: Gholdengo|0 fnt\n|faint|p1a: Gholdengo\n|\n|upkeep\n|\n|t:|1788275771\n|switch|p1a: Darkrai|Darkrai|100/100\n|turn|24\n|\n|t:|1788275775\n|switch|p2a: Lokix|Lokix, M|72/100\n|move|p1a: Darkrai|Sludge Bomb|p2a: Lokix\n|-damage|p2a: Lokix|0 fnt\n|faint|p2a: Lokix\n|\n|upkeep\n|\n|t:|1788275787\n|switch|p2a: Weezing|Weezing-Galar, M|94/100\n|-ability|p2a: Weezing|Neutralizing Gas\n|turn|25\n|\n|t:|1788275791\n|move|p1a: Darkrai|Sludge Bomb|p2a: Weezing\n|-damage|p2a: Weezing|52/100\n|move|p2a: Weezing|Sludge Bomb|p1a: Darkrai\n|-damage|p1a: Darkrai|63/100\n|\n|upkeep\n|turn|26\n|\n|t:|1788275801\n|move|p1a: Darkrai|Sludge Bomb|p2a: Weezing\n|-damage|p2a: Weezing|5/100\n|move|p2a: Weezing|Sludge Bomb|p1a: Darkrai\n|-damage|p1a: Darkrai|25/100\n|\n|upkeep\n|turn|27\n|\n|t:|1788275811\n|move|p1a: Darkrai|Sludge Bomb|p2a: Weezing\n|-crit|p2a: Weezing\n|-damage|p2a: Weezing|0 fnt\n|faint|p2a: Weezing\n|-end|p2a: Weezing|ability: Neutralizing Gas\n|\n|upkeep\n|\n|t:|1788275819\n|switch|p2a: Kyurem|Kyurem|100/100\n|-ability|p2a: Kyurem|Pressure\n|turn|28\n|\n|t:|1788275821\n|move|p1a: Darkrai|Sludge Bomb|p2a: Kyurem\n|-damage|p2a: Kyurem|57/100\n|-status|p2a: Kyurem|psn\n|move|p2a: Kyurem|Freeze-Dry|p1a: Darkrai\n|-damage|p1a: Darkrai|0 fnt\n|faint|p1a: Darkrai\n|\n|-damage|p2a: Kyurem|45/100 psn|[from] psn\n|upkeep\n|\n|t:|1788275827\n|switch|p1a: Ogerpon|Ogerpon-Wellspring, F|100/100\n|turn|29\n|\n|t:|1788275841\n|move|p1a: Ogerpon|Ivy Cudgel|p2a: Kyurem|[anim] Ivy Cudgel Water\n|-resisted|p2a: Kyurem\n|-damage|p2a: Kyurem|16/100 psn\n|move|p2a: Kyurem|Freeze-Dry|p1a: Ogerpon\n|-supereffective|p1a: Ogerpon\n|-damage|p1a: Ogerpon|0 fnt\n|faint|p1a: Ogerpon\n|\n|-damage|p2a: Kyurem|4/100 psn|[from] psn\n|upkeep\n|\n|t:|1788275844\n|switch|p1a: Landorus|Landorus-Therian, M|77/100 brn\n|-ability|p1a: Landorus|Intimidate|boost\n|-unboost|p2a: Kyurem|atk|1\n|turn|30\n|\n|t:|1788275849\n|move|p1a: Landorus|U-turn|p2a: Kyurem\n|-damage|p2a: Kyurem|0 fnt\n|faint|p2a: Kyurem\n|\n|-damage|p1a: Landorus|71/100 brn|[from] brn\n|upkeep\n|\n|t:|1788275851\n|switch|p2a: Alomomola|Alomomola, F|100/100\n|turn|31\n|\n|t:|1788275855\n|move|p1a: Landorus|U-turn|p2a: Alomomola\n|-damage|p2a: Alomomola|93/100\n|-damage|p1a: Landorus|54/100 brn|[from] item: Rocky Helmet|[of] p2a: Alomomola\n|move|p2a: Alomomola|Tickle|p1a: Landorus\n|-unboost|p1a: Landorus|atk|1\n|-unboost|p1a: Landorus|def|1\n|\n|-damage|p1a: Landorus|48/100 brn|[from] brn\n|upkeep\n|turn|32\n|-message|Landsl!de forfeited.\n|\n|win|MegaMHX\n|raw|Landsl!de's rating: 1483 &rarr; <strong>1462</strong><br />(-21 for losing)\n|raw|MegaMHX's rating: 1457 &rarr; <strong>1478</strong><br />(+21 for winning)\n|l|\u2606Landsl!de\n|player|p1|\n|l|\u2606MegaMHX\n|player|p2|\n", "uploadtime": 1788276098, "views": "1", "formatid": "gen9ou", "rating": 1462, "private": 0, "password": null}