{"id": "gen9ou-2674043965", "format": "[Gen 9] OU", "players": ["kangarooteam1", "bruh_eggs"], "log": "|j|\u2606kangarooteam1\n|j|\u2606bruh_eggs\n|t:|1788291869\n|gametype|singles\n|player|p1|kangarooteam1|1|1663\n|player|p2|bruh_eggs|juggler|1626\n|gen|9\n|tier|[Gen 9] OU\n|rated|\n|rule|HP Percentage Mod: HP is shown in percentages\n|rule|Endless Battle Clause: Forcing endless battles is banned\n|rule|Species Clause: Limit one of each Pok\u00e9mon\n|rule|OHKO Clause: OHKO moves are banned\n|rule|Evasion Items Clause: Evasion items are banned\n|rule|Evasion Moves Clause: Evasion moves are banned\n|rule|Evasion Abilities Clause: Evasion abilities are banned\n|rule|Sleep Moves Clause: Sleep-inducing moves are banned\n|clearpoke\n|poke|p1|Great Tusk|\n|poke|p1|Gholdengo|\n|poke|p1|Raging Bolt|\n|poke|p1|Iron Valiant|\n|poke|p1|Ogerpon-Wellspring, F|\n|poke|p1|Kingambit, M|\n|poke|p2|Raging Bolt|\n|poke|p2|Ogerpon-Wellspring, F|\n|poke|p2|Pecharunt|\n|poke|p2|Iron Treads|\n|poke|p2|Moltres|\n|poke|p2|Iron Valiant|\n|teampreview\n|inactive|Battle timer is ON: inactive players will automatically lose when time's up. (requested by bruh_eggs)\n|inactive|kangarooteam1 also wants the timer to be on.\n|j| Slashutu\n|l| Slashutu\n|\n|t:|1788291887\n|teamsize|p1|6\n|teamsize|p2|6\n|start\n|switch|p1a: Raging Bolt|Raging Bolt|100/100\n|switch|p2a: Ogerpon|Ogerpon-Wellspring, F|100/100\n|turn|1\n|\n|t:|1788291891\n|move|p2a: Ogerpon|U-turn|p1a: Raging Bolt\n|-damage|p1a: Raging Bolt|79/100\n|\n|t:|1788291894\n|switch|p2a: Iron Treads|Iron Treads|100/100|[from] U-turn\n|-enditem|p2a: Iron Treads|Booster Energy\n|-activate|p2a: Iron Treads|ability: Quark Drive|[fromitem]\n|-start|p2a: Iron Treads|quarkdrivespe\n|move|p1a: Raging Bolt|Dragon Pulse|p2a: Iron Treads\n|-resisted|p2a: Iron Treads\n|-damage|p2a: Iron Treads|62/100\n|\n|-heal|p1a: Raging Bolt|85/100|[from] item: Leftovers\n|upkeep\n|turn|2\n|\n|t:|1788291901\n|-end|p1a: Raging Bolt|Protosynthesis|[silent]\n|switch|p1a: Great Tusk|Great Tusk|100/100\n|move|p2a: Iron Treads|Stealth Rock|p1a: Great Tusk\n|-sidestart|p1: kangarooteam1|move: Stealth Rock\n|\n|upkeep\n|turn|3\n|\n|t:|1788291907\n|move|p2a: Iron Treads|Ice Spinner|p1a: Great Tusk\n|-supereffective|p1a: Great Tusk\n|-damage|p1a: Great Tusk|72/100\n|move|p1a: Great Tusk|Rapid Spin|p2a: Iron Treads\n|-resisted|p2a: Iron Treads\n|-damage|p2a: Iron Treads|55/100\n|-boost|p1a: Great Tusk|spe|1\n|-sideend|p1: kangarooteam1|Stealth Rock|[from] move: Rapid Spin|[of] p1a: Great Tusk\n|\n|-heal|p1a: Great Tusk|79/100|[from] item: Leftovers\n|upkeep\n|turn|4\n|\n|t:|1788291913\n|move|p2a: Iron Treads|Stealth Rock|p1a: Great Tusk\n|-sidestart|p1: kangarooteam1|move: Stealth Rock\n|move|p1a: Great Tusk|Stealth Rock|p2a: Iron Treads\n|-sidestart|p2: bruh_eggs|move: Stealth Rock\n|\n|-heal|p1a: Great Tusk|85/100|[from] item: Leftovers\n|upkeep\n|turn|5\n|\n|t:|1788291916\n|move|p2a: Iron Treads|Rapid Spin|p1a: Great Tusk\n|-damage|p1a: Great Tusk|76/100\n|-boost|p2a: Iron Treads|spe|1\n|-sideend|p2: bruh_eggs|Stealth Rock|[from] move: Rapid Spin|[of] p2a: Iron Treads\n|move|p1a: Great Tusk|Rapid Spin|p2a: Iron Treads\n|-resisted|p2a: Iron Treads\n|-damage|p2a: Iron Treads|48/100\n|-boost|p1a: Great Tusk|spe|1\n|-sideend|p1: kangarooteam1|Stealth Rock|[from] move: Rapid Spin|[of] p1a: Great Tusk\n|\n|-heal|p1a: Great Tusk|83/100|[from] item: Leftovers\n|upkeep\n|turn|6\n|\n|t:|1788291920\n|move|p2a: Iron Treads|Stealth Rock|p1a: Great Tusk\n|-sidestart|p1: kangarooteam1|move: Stealth Rock\n|move|p1a: Great Tusk|Stealth Rock|p2a: Iron Treads\n|-sidestart|p2: bruh_eggs|move: Stealth Rock\n|\n|-heal|p1a: Great Tusk|89/100|[from] item: Leftovers\n|upkeep\n|turn|7\n|\n|t:|1788291925\n|-end|p2a: Iron Treads|Quark Drive|[silent]\n|switch|p2a: Pecharunt|Pecharunt|100/100\n|move|p1a: Great Tusk|Earthquake|p2a: Pecharunt\n|-supereffective|p2a: Pecharunt\n|-damage|p2a: Pecharunt|57/100\n|\n|-heal|p1a: Great Tusk|95/100|[from] item: Leftovers\n|upkeep\n|turn|8\n|\n|t:|1788291928\n|move|p1a: Great Tusk|Earthquake|p2a: Pecharunt\n|-supereffective|p2a: Pecharunt\n|-damage|p2a: Pecharunt|17/100\n|move|p2a: Pecharunt|Recover|p2a: Pecharunt\n|-heal|p2a: Pecharunt|67/100\n|\n|-heal|p1a: Great Tusk|100/100|[from] item: Leftovers\n|upkeep\n|turn|9\n|\n|t:|1788291930\n|move|p1a: Great Tusk|Knock Off|p2a: Pecharunt\n|-supereffective|p2a: Pecharunt\n|-damage|p2a: Pecharunt|39/100\n|-enditem|p2a: Pecharunt|Heavy-Duty Boots|[from] move: Knock Off|[of] p1a: Great Tusk\n|move|p2a: Pecharunt|Recover|p2a: Pecharunt\n|-heal|p2a: Pecharunt|89/100\n|\n|upkeep\n|turn|10\n|\n|t:|1788291932\n|move|p1a: Great Tusk|Earthquake|p2a: Pecharunt\n|-supereffective|p2a: Pecharunt\n|-damage|p2a: Pecharunt|49/100\n|move|p2a: Pecharunt|Recover|p2a: Pecharunt\n|-heal|p2a: Pecharunt|99/100\n|\n|upkeep\n|turn|11\n|\n|t:|1788291934\n|move|p1a: Great Tusk|Earthquake|p2a: Pecharunt\n|-supereffective|p2a: Pecharunt\n|-damage|p2a: Pecharunt|54/100\n|move|p2a: Pecharunt|Parting Shot|p1a: Great Tusk\n|-unboost|p1a: Great Tusk|atk|1\n|-unboost|p1a: Great Tusk|spa|1\n|\n|t:|1788291936\n|switch|p2a: Iron Treads|Iron Treads|48/100|[from] Parting Shot\n|-damage|p2a: Iron Treads|44/100|[from] Stealth Rock\n|\n|upkeep\n|turn|12\n|\n|t:|1788291939\n|-end|p2a: Iron Treads|Quark Drive|[silent]\n|switch|p2a: Pecharunt|Pecharunt|54/100\n|-damage|p2a: Pecharunt|42/100|[from] Stealth Rock\n|move|p1a: Great Tusk|Earthquake|p2a: Pecharunt\n|-supereffective|p2a: Pecharunt\n|-damage|p2a: Pecharunt|15/100\n|\n|upkeep\n|turn|13\n|\n|t:|1788291943\n|move|p1a: Great Tusk|Earthquake|p2a: Pecharunt\n|-supereffective|p2a: Pecharunt\n|-damage|p2a: Pecharunt|0 fnt\n|faint|p2a: Pecharunt\n|\n|upkeep\n|\n|t:|1788291945\n|switch|p2a: Ogerpon|Ogerpon-Wellspring, F|100/100\n|-damage|p2a: Ogerpon|88/100|[from] Stealth Rock\n|turn|14\n|\n|t:|1788291948\n|move|p1a: Great Tusk|Rapid Spin|p2a: Ogerpon\n|-damage|p2a: Ogerpon|75/100\n|-boost|p1a: Great Tusk|spe|1\n|-sideend|p1: kangarooteam1|Stealth Rock|[from] move: Rapid Spin|[of] p1a: Great Tusk\n|move|p2a: Ogerpon|Ivy Cudgel|p1a: Great Tusk|[anim] Ivy Cudgel Water\n|-supereffective|p1a: Great Tusk\n|-damage|p1a: Great Tusk|34/100\n|\n|-heal|p1a: Great Tusk|40/100|[from] item: Leftovers\n|upkeep\n|turn|15\n|\n|t:|1788291950\n|-end|p1a: Great Tusk|Protosynthesis|[silent]\n|switch|p1a: Raging Bolt|Raging Bolt|85/100\n|move|p2a: Ogerpon|Ivy Cudgel|p1a: Raging Bolt|[anim] Ivy Cudgel Water\n|-resisted|p1a: Raging Bolt\n|-crit|p1a: Raging Bolt\n|-damage|p1a: Raging Bolt|49/100\n|\n|-heal|p1a: Raging Bolt|55/100|[from] item: Leftovers\n|upkeep\n|turn|16\n|\n|t:|1788291953\n|move|p1a: Raging Bolt|Thunderclap|p2a: Ogerpon\n|-damage|p2a: Ogerpon|24/100\n|move|p2a: Ogerpon|Knock Off|p1a: Raging Bolt\n|-damage|p1a: Raging Bolt|24/100\n|-enditem|p1a: Raging Bolt|Leftovers|[from] move: Knock Off|[of] p2a: Ogerpon\n|\n|upkeep\n|turn|17\n|\n|t:|1788291957\n|move|p1a: Raging Bolt|Thunderclap||[still]\n|-fail|p1a: Raging Bolt\n|move|p2a: Ogerpon|Encore|p1a: Raging Bolt\n|-start|p1a: Raging Bolt|Encore\n|\n|upkeep\n|turn|18\n|\n|t:|1788291960\n|move|p1a: Raging Bolt|Thunderclap||[still]\n|-fail|p1a: Raging Bolt\n|move|p2a: Ogerpon|Encore||[still]\n|-fail|p2a: Ogerpon\n|\n|upkeep\n|turn|19\n|\n|t:|1788291962\n|move|p1a: Raging Bolt|Thunderclap||[still]\n|-fail|p1a: Raging Bolt\n|move|p2a: Ogerpon|Encore||[still]\n|-fail|p2a: Ogerpon\n|\n|upkeep\n|turn|20\n|\n|t:|1788291964\n|move|p1a: Raging Bolt|Thunderclap||[still]\n|-fail|p1a: Raging Bolt\n|move|p2a: Ogerpon|Encore||[still]\n|-fail|p2a: Ogerpon\n|\n|-end|p1a: Raging Bolt|Encore\n|upkeep\n|turn|21\n|\n|t:|1788291965\n|move|p1a: Raging Bolt|Thunderclap||[still]\n|-fail|p1a: Raging Bolt\n|move|p2a: Ogerpon|Encore|p1a: Raging Bolt\n|-start|p1a: Raging Bolt|Encore\n|\n|upkeep\n|turn|22\n|\n|t:|1788291968\n|move|p1a: Raging Bolt|Thunderclap||[still]\n|-fail|p1a: Raging Bolt\n|move|p2a: Ogerpon|Encore||[still]\n|-fail|p2a: Ogerpon\n|\n|upkeep\n|turn|23\n|\n|t:|1788291970\n|move|p1a: Raging Bolt|Thunderclap||[still]\n|-fail|p1a: Raging Bolt\n|move|p2a: Ogerpon|Encore||[still]\n|-fail|p2a: Ogerpon\n|\n|-end|p1a: Raging Bolt|Encore\n|upkeep\n|turn|24\n|\n|t:|1788291973\n|-end|p1a: Raging Bolt|Protosynthesis|[silent]\n|switch|p1a: Kingambit|Kingambit, M|100/100\n|move|p2a: Ogerpon|Encore||[still]\n|-fail|p2a: Ogerpon\n|\n|upkeep\n|turn|25\n|\n|t:|1788291977\n|switch|p2a: Moltres|Moltres|100/100\n|move|p1a: Kingambit|Swords Dance|p1a: Kingambit\n|-boost|p1a: Kingambit|atk|2\n|\n|upkeep\n|turn|26\n|\n|t:|1788291980\n|move|p2a: Moltres|Scorching Sands|p1a: Kingambit\n|-supereffective|p1a: Kingambit\n|-damage|p1a: Kingambit|64/100\n|move|p1a: Kingambit|Kowtow Cleave|p2a: Moltres\n|-damage|p2a: Moltres|2/100\n|\n|-heal|p1a: Kingambit|70/100|[from] item: Leftovers\n|upkeep\n|turn|27\n|\n|t:|1788291985\n|move|p1a: Kingambit|Sucker Punch||[still]\n|-fail|p1a: Kingambit\n|move|p2a: Moltres|Will-O-Wisp|p1a: Kingambit\n|-status|p1a: Kingambit|brn\n|\n|-heal|p1a: Kingambit|76/100 brn|[from] item: Leftovers\n|-damage|p1a: Kingambit|70/100 brn|[from] brn\n|upkeep\n|turn|28\n|\n|t:|1788291987\n|move|p2a: Moltres|Roost|p2a: Moltres\n|-heal|p2a: Moltres|52/100\n|-singleturn|p2a: Moltres|move: Roost\n|move|p1a: Kingambit|Kowtow Cleave|p2a: Moltres\n|-damage|p2a: Moltres|0 fnt\n|faint|p2a: Moltres\n|\n|-heal|p1a: Kingambit|76/100 brn|[from] item: Leftovers\n|-damage|p1a: Kingambit|70/100 brn|[from] brn\n|upkeep\n|\n|t:|1788292002\n|switch|p2a: Iron Treads|Iron Treads|44/100\n|-damage|p2a: Iron Treads|41/100|[from] Stealth Rock\n|turn|29\n|\n|t:|1788292004\n|move|p2a: Iron Treads|Stealth Rock|p1a: Kingambit\n|-sidestart|p1: kangarooteam1|move: Stealth Rock\n|move|p1a: Kingambit|Kowtow Cleave|p2a: Iron Treads\n|-damage|p2a: Iron Treads|0 fnt\n|faint|p2a: Iron Treads\n|-end|p2a: Iron Treads|Quark Drive|[silent]\n|\n|-heal|p1a: Kingambit|76/100 brn|[from] item: Leftovers\n|-damage|p1a: Kingambit|70/100 brn|[from] brn\n|upkeep\n|\n|t:|1788292009\n|switch|p2a: Raging Bolt|Raging Bolt|100/100\n|-damage|p2a: Raging Bolt|88/100|[from] Stealth Rock\n|turn|30\n|\n|t:|1788292011\n|move|p2a: Raging Bolt|Volt Switch|p1a: Kingambit\n|-damage|p1a: Kingambit|8/100 brn\n|\n|t:|1788292015\n|-end|p2a: Raging Bolt|Protosynthesis|[silent]\n|switch|p2a: Ogerpon|Ogerpon-Wellspring, F|24/100|[from] Volt Switch\n|-damage|p2a: Ogerpon|11/100|[from] Stealth Rock\n|move|p1a: Kingambit|Kowtow Cleave|p2a: Ogerpon\n|-damage|p2a: Ogerpon|0 fnt\n|faint|p2a: Ogerpon\n|\n|-heal|p1a: Kingambit|14/100 brn|[from] item: Leftovers\n|-damage|p1a: Kingambit|8/100 brn|[from] brn\n|upkeep\n|\n|t:|1788292029\n|switch|p2a: Raging Bolt|Raging Bolt|88/100\n|-damage|p2a: Raging Bolt|76/100|[from] Stealth Rock\n|turn|31\n|\n|t:|1788292033\n|move|p1a: Kingambit|Sucker Punch|p2a: Raging Bolt\n|-damage|p2a: Raging Bolt|39/100\n|move|p2a: Raging Bolt|Draco Meteor|p1a: Kingambit\n|-resisted|p1a: Kingambit\n|-damage|p1a: Kingambit|0 fnt\n|-unboost|p2a: Raging Bolt|spa|2\n|faint|p1a: Kingambit\n|-end|p1a: Kingambit|fallenundefined|[silent]\n|\n|upkeep\n|\n|t:|1788292035\n|switch|p1a: Iron Valiant|Iron Valiant|100/100\n|-damage|p1a: Iron Valiant|94/100|[from] Stealth Rock\n|-enditem|p1a: Iron Valiant|Booster Energy\n|-activate|p1a: Iron Valiant|ability: Quark Drive|[fromitem]\n|-start|p1a: Iron Valiant|quarkdrivespe\n|turn|32\n|\n|t:|1788292037\n|-terastallize|p1a: Iron Valiant|Fairy\n|move|p1a: Iron Valiant|Moonblast|p2a: Raging Bolt\n|-supereffective|p2a: Raging Bolt\n|-damage|p2a: Raging Bolt|0 fnt\n|faint|p2a: Raging Bolt\n|-end|p2a: Raging Bolt|Protosynthesis|[silent]\n|\n|upkeep\n|\n|t:|1788292039\n|switch|p2a: Iron Valiant|Iron Valiant|100/100\n|-damage|p2a: Iron Valiant|94/100|[from] Stealth Rock\n|-enditem|p2a: Iron Valiant|Booster Energy\n|-activate|p2a: Iron Valiant|ability: Quark Drive|[fromitem]\n|-start|p2a: Iron Valiant|quarkdrivespe\n|turn|33\n|\n|t:|1788292045\n|move|p1a: Iron Valiant|Moonblast|p2a: Iron Valiant\n|-supereffective|p2a: Iron Valiant\n|-damage|p2a: Iron Valiant|0 fnt\n|faint|p2a: Iron Valiant\n|-end|p2a: Iron Valiant|Quark Drive|[silent]\n|\n|win|kangarooteam1\n|raw|kangarooteam1's rating: 1663 &rarr; <strong>1681</strong><br />(+18 for winning)\n|raw|bruh_eggs's rating: 1626 &rarr; <strong>1608</strong><br />(-18 for losing)\n", "uploadtime": 1788292045, "views": "0", "formatid": "gen9ou", "rating": 1608, "private": 0, "password": null}