{"id": "gen9ou-2674024018", "format": "[Gen 9] OU", "players": ["quolius", "jessies boyfriend"], "log": "|j|\u2606quolius\n|j|\u2606jessies boyfriend\n|t:|1788289485\n|gametype|singles\n|player|p1|quolius|169|1421\n|player|p2|jessies boyfriend|brock|1385\n|gen|9\n|tier|[Gen 9] OU\n|rated|\n|rule|HP Percentage Mod: HP is shown in percentages\n|rule|Endless Battle Clause: Forcing endless battles is banned\n|rule|Species Clause: Limit one of each Pok\u00e9mon\n|rule|OHKO Clause: OHKO moves are banned\n|rule|Evasion Items Clause: Evasion items are banned\n|rule|Evasion Moves Clause: Evasion moves are banned\n|rule|Evasion Abilities Clause: Evasion abilities are banned\n|rule|Sleep Moves Clause: Sleep-inducing moves are banned\n|clearpoke\n|poke|p1|Scrafty, F|\n|poke|p1|Gengar, F|\n|poke|p1|Gyarados, F|\n|poke|p1|Hatterene, F|\n|poke|p1|Great Tusk|\n|poke|p1|Heatran, F|\n|poke|p2|Zoroark, F|\n|poke|p2|Weavile, F|\n|poke|p2|Kyurem|\n|poke|p2|Landorus-Therian, M|\n|poke|p2|Iron Treads|\n|poke|p2|Hoopa-Unbound|\n|teampreview\n|inactive|Battle timer is ON: inactive players will automatically lose when time's up. (requested by jessies boyfriend)\n|\n|t:|1788289495\n|teamsize|p1|6\n|teamsize|p2|6\n|start\n|switch|p1a: Gyarados|Gyarados, F|100/100\n|switch|p2a: Weavile|Weavile, F|100/100\n|turn|1\n|\n|t:|1788289498\n|move|p2a: Weavile|Knock Off|p1a: Gyarados\n|-damage|p1a: Gyarados|45/100\n|-enditem|p1a: Gyarados|Leftovers|[from] move: Knock Off|[of] p2a: Weavile\n|move|p1a: Gyarados|Dragon Dance|p1a: Gyarados\n|-boost|p1a: Gyarados|atk|1\n|-boost|p1a: Gyarados|spe|1\n|\n|upkeep\n|turn|2\n|\n|t:|1788289504\n|move|p1a: Gyarados|Waterfall|p2a: Weavile\n|-enditem|p2a: Weavile|Focus Sash\n|-damage|p2a: Weavile|1/100\n|replace|p2a: Zoroark|Zoroark, F\n|-end|p2a: Zoroark|Illusion\n|move|p2a: Zoroark|Knock Off|p1a: Gyarados\n|-damage|p1a: Gyarados|4/100\n|\n|upkeep\n|turn|3\n|\n|t:|1788289512\n|move|p2a: Zoroark|Sucker Punch|p1a: Gyarados\n|-damage|p1a: Gyarados|0 fnt\n|faint|p1a: Gyarados\n|\n|upkeep\n|\n|t:|1788289517\n|switch|p1a: Great Tusk|Great Tusk|100/100\n|turn|4\n|\n|t:|1788289520\n|switch|p2a: Landorus|Landorus-Therian, M|100/100\n|-ability|p2a: Landorus|Intimidate|boost\n|-unboost|p1a: Great Tusk|atk|1\n|move|p1a: Great Tusk|Stealth Rock|p2a: Landorus\n|-sidestart|p2: jessies boyfriend|move: Stealth Rock\n|\n|upkeep\n|turn|5\n|\n|t:|1788289531\n|switch|p2a: Iron Treads|Iron Treads|100/100\n|-damage|p2a: Iron Treads|97/100|[from] Stealth Rock\n|move|p1a: Great Tusk|Ice Spinner|p2a: Iron Treads\n|-damage|p2a: Iron Treads|79/100\n|\n|-heal|p2a: Iron Treads|86/100|[from] item: Leftovers\n|upkeep\n|turn|6\n|\n|t:|1788289539\n|-end|p2a: Iron Treads|Quark Drive|[silent]\n|switch|p2a: Landorus|Landorus-Therian, M|100/100\n|-damage|p2a: Landorus|88/100|[from] Stealth Rock\n|-ability|p2a: Landorus|Intimidate|boost\n|-unboost|p1a: Great Tusk|atk|1\n|move|p1a: Great Tusk|Headlong Rush|p2a: Landorus\n|-immune|p2a: Landorus\n|\n|-heal|p2a: Landorus|94/100|[from] item: Leftovers\n|upkeep\n|turn|7\n|\n|t:|1788289544\n|-end|p1a: Great Tusk|Protosynthesis|[silent]\n|switch|p1a: Hatterene|Hatterene, F|100/100\n|move|p2a: Landorus|Fly||[still]\n|-prepare|p2a: Landorus|Fly\n|\n|-heal|p2a: Landorus|99/100|[from] item: Leftovers\n|upkeep\n|turn|8\n|\n|t:|1788289553\n|move|p2a: Landorus|Fly|p1a: Hatterene|[from] lockedmove\n|-crit|p1a: Hatterene\n|-damage|p1a: Hatterene|34/100\n|move|p1a: Hatterene|Psychic Noise|p2a: Landorus\n|-damage|p2a: Landorus|68/100\n|-start|p2a: Landorus|move: Heal Block\n|\n|upkeep\n|turn|9\n|\n|t:|1788289559\n|switch|p1a: Great Tusk|Great Tusk|100/100\n|move|p2a: Landorus|Earthquake|p1a: Great Tusk\n|-damage|p1a: Great Tusk|65/100\n|\n|-end|p2a: Landorus|move: Heal Block\n|upkeep\n|turn|10\n|\n|t:|1788289568\n|switch|p2a: Iron Treads|Iron Treads|86/100\n|-damage|p2a: Iron Treads|82/100|[from] Stealth Rock\n|move|p1a: Great Tusk|Rapid Spin|p2a: Iron Treads\n|-resisted|p2a: Iron Treads\n|-damage|p2a: Iron Treads|75/100\n|-boost|p1a: Great Tusk|spe|1\n|\n|-heal|p2a: Iron Treads|81/100|[from] item: Leftovers\n|upkeep\n|turn|11\n|\n|t:|1788289571\n|-end|p2a: Iron Treads|Quark Drive|[silent]\n|switch|p2a: Landorus|Landorus-Therian, M|68/100\n|-damage|p2a: Landorus|55/100|[from] Stealth Rock\n|-ability|p2a: Landorus|Intimidate|boost\n|-unboost|p1a: Great Tusk|atk|1\n|move|p1a: Great Tusk|Headlong Rush|p2a: Landorus\n|-immune|p2a: Landorus\n|\n|-heal|p2a: Landorus|61/100|[from] item: Leftovers\n|upkeep\n|turn|12\n|\n|t:|1788289577\n|move|p1a: Great Tusk|Ice Spinner|p2a: Landorus\n|-supereffective|p2a: Landorus\n|-damage|p2a: Landorus|0 fnt\n|faint|p2a: Landorus\n|\n|upkeep\n|\n|t:|1788289580\n|switch|p2a: Iron Treads|Iron Treads|81/100\n|-damage|p2a: Iron Treads|78/100|[from] Stealth Rock\n|turn|13\n|\n|t:|1788289583\n|-terastallize|p2a: Iron Treads|Ground\n|move|p1a: Great Tusk|Headlong Rush|p2a: Iron Treads\n|-damage|p2a: Iron Treads|41/100\n|-unboost|p1a: Great Tusk|def|1\n|-unboost|p1a: Great Tusk|spd|1\n|move|p2a: Iron Treads|Rapid Spin|p1a: Great Tusk\n|-damage|p1a: Great Tusk|48/100\n|-boost|p2a: Iron Treads|spe|1\n|-damage|p2a: Iron Treads|25/100|[from] item: Rocky Helmet|[of] p1a: Great Tusk\n|-sideend|p2: jessies boyfriend|Stealth Rock|[from] move: Rapid Spin|[of] p2a: Iron Treads\n|\n|-heal|p2a: Iron Treads|31/100|[from] item: Leftovers\n|upkeep\n|turn|14\n|\n|t:|1788289602\n|-end|p1a: Great Tusk|Protosynthesis|[silent]\n|switch|p1a: Hatterene|Hatterene, F|34/100\n|move|p2a: Iron Treads|Ice Spinner|p1a: Hatterene\n|-damage|p1a: Hatterene|12/100\n|\n|-heal|p2a: Iron Treads|37/100|[from] item: Leftovers\n|upkeep\n|turn|15\n|-enditem|p1a: Hatterene|Custap Berry|[eat]\n|-activate|p1a: Hatterene|item: Custap Berry|[consumed]\n|\n|t:|1788289610\n|move|p1a: Hatterene|Dazzling Gleam|p2a: Iron Treads\n|-damage|p2a: Iron Treads|0 fnt\n|faint|p2a: Iron Treads\n|-end|p2a: Iron Treads|Quark Drive|[silent]\n|\n|upkeep\n|\n|t:|1788289635\n|switch|p2a: Hoopa|Hoopa-Unbound|100/100\n|turn|16\n|\n|t:|1788289641\n|move|p2a: Hoopa|Psychic Noise|p1a: Hatterene\n|-resisted|p1a: Hatterene\n|-damage|p1a: Hatterene|0 fnt\n|faint|p1a: Hatterene\n|\n|upkeep\n|\n|t:|1788289647\n|switch|p1a: Great Tusk|Great Tusk|48/100\n|turn|17\n|\n|t:|1788289655\n|switch|p2a: Kyurem|Kyurem|100/100\n|-ability|p2a: Kyurem|Pressure\n|move|p1a: Great Tusk|Stealth Rock|p2a: Kyurem\n|-sidestart|p2: jessies boyfriend|move: Stealth Rock\n|\n|upkeep\n|turn|18\n|\n|t:|1788289666\n|move|p2a: Kyurem|Earth Power|p1a: Great Tusk\n|-damage|p1a: Great Tusk|0 fnt\n|faint|p1a: Great Tusk\n|-end|p1a: Great Tusk|Protosynthesis|[silent]\n|\n|upkeep\n|\n|t:|1788289674\n|switch|p1a: Scrafty|Scrafty, F|100/100\n|turn|19\n|\n|t:|1788289679\n|switch|p2a: Weavile|Weavile, F|1/100\n|-damage|p2a: Weavile|0 fnt|[from] Stealth Rock\n|faint|p2a: Weavile\n|move|p1a: Scrafty|Dragon Dance|p1a: Scrafty\n|-boost|p1a: Scrafty|atk|1\n|-boost|p1a: Scrafty|spe|1\n|\n|upkeep\n|\n|t:|1788289695\n|switch|p2a: Hoopa|Hoopa-Unbound|100/100\n|-damage|p2a: Hoopa|88/100|[from] Stealth Rock\n|turn|20\n|\n|t:|1788289702\n|move|p1a: Scrafty|Close Combat|p2a: Hoopa\n|-damage|p2a: Hoopa|0 fnt\n|-unboost|p1a: Scrafty|def|1\n|-unboost|p1a: Scrafty|spd|1\n|faint|p2a: Hoopa\n|-ability|p1a: Scrafty|Moxie|boost\n|-boost|p1a: Scrafty|atk|1\n|-damage|p1a: Scrafty|91/100|[from] item: Life Orb\n|\n|upkeep\n|\n|t:|1788289717\n|switch|p2a: Weavile|Weavile, F|100/100\n|turn|21\n|\n|t:|1788289727\n|move|p2a: Weavile|Icicle Crash|p1a: Scrafty\n|-damage|p1a: Scrafty|26/100\n|move|p1a: Scrafty|Close Combat|p2a: Weavile\n|-supereffective|p2a: Weavile\n|-damage|p2a: Weavile|0 fnt\n|-unboost|p1a: Scrafty|def|1\n|-unboost|p1a: Scrafty|spd|1\n|faint|p2a: Weavile\n|-ability|p1a: Scrafty|Moxie|boost\n|-boost|p1a: Scrafty|atk|1\n|-damage|p1a: Scrafty|16/100|[from] item: Life Orb\n|\n|upkeep\n|\n|t:|1788289731\n|switch|p2a: Kyurem|Kyurem|100/100\n|-damage|p2a: Kyurem|76/100|[from] Stealth Rock\n|-ability|p2a: Kyurem|Pressure\n|turn|22\n|\n|t:|1788289735\n|move|p2a: Kyurem|Earth Power|p1a: Scrafty\n|-damage|p1a: Scrafty|0 fnt\n|faint|p1a: Scrafty\n|\n|upkeep\n|\n|t:|1788289738\n|switch|p1a: Heatran|Heatran, F|100/100\n|turn|23\n|\n|t:|1788289740\n|-terastallize|p1a: Heatran|Bug\n|move|p2a: Kyurem|Earth Power|p1a: Heatran\n|-resisted|p1a: Heatran\n|-damage|p1a: Heatran|90/100\n|move|p1a: Heatran|Earth Power|p2a: Kyurem\n|-damage|p2a: Kyurem|50/100\n|\n|-heal|p1a: Heatran|97/100|[from] item: Leftovers\n|upkeep\n|turn|24\n|\n|t:|1788289743\n|move|p2a: Kyurem|Earth Power|p1a: Heatran\n|-resisted|p1a: Heatran\n|-damage|p1a: Heatran|86/100\n|move|p1a: Heatran|Earth Power|p2a: Kyurem\n|-damage|p2a: Kyurem|24/100\n|\n|-heal|p1a: Heatran|92/100|[from] item: Leftovers\n|upkeep\n|turn|25\n|\n|t:|1788289745\n|move|p2a: Kyurem|Earth Power|p1a: Heatran\n|-resisted|p1a: Heatran\n|-damage|p1a: Heatran|83/100\n|move|p1a: Heatran|Earth Power|p2a: Kyurem\n|-damage|p2a: Kyurem|0 fnt\n|faint|p2a: Kyurem\n|\n|win|quolius\n|raw|quolius's rating: 1421 &rarr; <strong>1439</strong><br />(+18 for winning)\n|raw|jessies boyfriend's rating: 1385 &rarr; <strong>1367</strong><br />(-18 for losing)\n|l|\u2606jessies boyfriend\n|player|p2|\n|l|\u2606quolius\n|player|p1|\n", "uploadtime": 1788289964, "views": "0", "formatid": "gen9ou", "rating": 1367, "private": 0, "password": null}