{"id": "gen9ou-2673889628", "format": "[Gen 9] OU", "players": ["GavilarKholin", "errodedigitacao"], "log": "|badge|p1|bronze|gen9lc|100-10\n|uhtml|medal-msg|<div class=\"broadcast-blue\">Curious what those medals under the avatar are? PS now has Ladder Seasons! For more information, check out the <a href=\"https://www.smogon.com/forums/threads/3740067/\">thread on Smogon.</a></div>\n|j|\u2606GavilarKholin\n|j|\u2606errodedigitacao\n|t:|1788273514\n|gametype|singles\n|player|p1|GavilarKholin|fantina|1725\n|player|p2|errodedigitacao|265|1642\n|gen|9\n|tier|[Gen 9] OU\n|rated|\n|rule|HP Percentage Mod: HP is shown in percentages\n|rule|Endless Battle Clause: Forcing endless battles is banned\n|rule|Species Clause: Limit one of each Pok\u00e9mon\n|rule|OHKO Clause: OHKO moves are banned\n|rule|Evasion Items Clause: Evasion items are banned\n|rule|Evasion Moves Clause: Evasion moves are banned\n|rule|Evasion Abilities Clause: Evasion abilities are banned\n|rule|Sleep Moves Clause: Sleep-inducing moves are banned\n|clearpoke\n|poke|p1|Alomomola, F|\n|poke|p1|Iron Crown|\n|poke|p1|Zamazenta-*|\n|poke|p1|Pecharunt|\n|poke|p1|Gliscor, F|\n|poke|p1|Weavile, M|\n|poke|p2|Iron Valiant|\n|poke|p2|Zapdos|\n|poke|p2|Alomomola, F|\n|poke|p2|Ogerpon-Wellspring, F|\n|poke|p2|Okidogi, M|\n|poke|p2|Iron Treads|\n|teampreview\n|inactive|Battle timer is ON: inactive players will automatically lose when time's up. (requested by errodedigitacao)\n|\n|t:|1788273526\n|teamsize|p1|6\n|teamsize|p2|6\n|start\n|switch|p1a: Gliscor|Gliscor, F|100/100\n|switch|p2a: Biggie Smalls|Iron Treads|100/100\n|turn|1\n|\n|t:|1788273530\n|move|p1a: Gliscor|Protect|p1a: Gliscor\n|-singleturn|p1a: Gliscor|Protect\n|move|p2a: Biggie Smalls|Knock Off|p1a: Gliscor\n|-activate|p1a: Gliscor|move: Protect\n|\n|-status|p1a: Gliscor|tox|[from] item: Toxic Orb\n|upkeep\n|turn|2\n|\n|t:|1788273532\n|move|p2a: Biggie Smalls|Stealth Rock|p1a: Gliscor\n|-sidestart|p1: GavilarKholin|move: Stealth Rock\n|move|p1a: Gliscor|Earthquake|p2a: Biggie Smalls\n|-supereffective|p2a: Biggie Smalls\n|-damage|p2a: Biggie Smalls|46/100\n|\n|-heal|p2a: Biggie Smalls|52/100|[from] item: Leftovers\n|upkeep\n|turn|3\n|\n|t:|1788273537\n|-end|p2a: Biggie Smalls|Quark Drive|[silent]\n|switch|p2a: Ice Cube|Ogerpon-Wellspring, F|100/100\n|move|p1a: Gliscor|Earthquake|p2a: Ice Cube\n|-resisted|p2a: Ice Cube\n|-damage|p2a: Ice Cube|81/100\n|\n|upkeep\n|turn|4\n|\n|t:|1788273540\n|move|p2a: Ice Cube|Ivy Cudgel|p1a: Gliscor|[anim] Ivy Cudgel Water\n|-supereffective|p1a: Gliscor\n|-damage|p1a: Gliscor|19/100 tox\n|move|p1a: Gliscor|Toxic|p2a: Ice Cube\n|-status|p2a: Ice Cube|tox\n|\n|-damage|p2a: Ice Cube|75/100 tox|[from] psn\n|-heal|p1a: Gliscor|31/100 tox|[from] ability: Poison Heal\n|upkeep\n|turn|5\n|\n|t:|1788273544\n|move|p1a: Gliscor|Protect|p1a: Gliscor\n|-singleturn|p1a: Gliscor|Protect\n|move|p2a: Ice Cube|Swords Dance|p2a: Ice Cube\n|-boost|p2a: Ice Cube|atk|2\n|\n|-damage|p2a: Ice Cube|63/100 tox|[from] psn\n|-heal|p1a: Gliscor|44/100 tox|[from] ability: Poison Heal\n|upkeep\n|turn|6\n|\n|t:|1788273561\n|switch|p1a: Pecharunt|Pecharunt|100/100\n|move|p2a: Ice Cube|Ivy Cudgel|p1a: Pecharunt|[anim] Ivy Cudgel Water\n|-damage|p1a: Pecharunt|53/100\n|\n|-damage|p2a: Ice Cube|45/100 tox|[from] psn\n|upkeep\n|turn|7\n|\n|t:|1788273570\n|-terastallize|p2a: Ice Cube|Water\n|detailschange|p2a: Ice Cube|Ogerpon-Wellspring-Tera, F, tera:Water\n|-ability|p2a: Ice Cube|Embody Aspect (Wellspring)|boost\n|-boost|p2a: Ice Cube|spd|1\n|move|p2a: Ice Cube|Ivy Cudgel|p1a: Pecharunt|[anim] Ivy Cudgel Water\n|-damage|p1a: Pecharunt|0 fnt\n|faint|p1a: Pecharunt\n|\n|-damage|p2a: Ice Cube|21/100 tox|[from] psn\n|upkeep\n|\n|t:|1788273579\n|switch|p1a: Weavile|Weavile, M|100/100\n|-ability|p1a: Weavile|Pressure\n|turn|8\n|\n|t:|1788273584\n|switch|p2a: Snoop Dogg|Okidogi, M|100/100\n|move|p1a: Weavile|Knock Off|p2a: Snoop Dogg\n|-resisted|p2a: Snoop Dogg\n|-damage|p2a: Snoop Dogg|79/100\n|-enditem|p2a: Snoop Dogg|Choice Scarf|[from] move: Knock Off|[of] p1a: Weavile\n|\n|upkeep\n|turn|9\n|\n|t:|1788273595\n|switch|p1a: Alomomola|Alomomola, F|100/100\n|move|p2a: Snoop Dogg|Close Combat|p1a: Alomomola\n|-damage|p1a: Alomomola|50/100\n|-unboost|p2a: Snoop Dogg|def|1\n|-unboost|p2a: Snoop Dogg|spd|1\n|\n|upkeep\n|turn|10\n|inactive|GavilarKholin has 120 seconds left.\n|\n|t:|1788273629\n|move|p1a: Alomomola|Protect|p1a: Alomomola\n|-singleturn|p1a: Alomomola|Protect\n|move|p2a: Snoop Dogg|Close Combat|p1a: Alomomola\n|-activate|p1a: Alomomola|move: Protect\n|\n|upkeep\n|turn|11\n|inactive|GavilarKholin has 120 seconds left.\n|\n|t:|1788273641\n|switch|p1a: Iron Crown|Iron Crown|100/100\n|-damage|p1a: Iron Crown|94/100|[from] Stealth Rock\n|move|p2a: Snoop Dogg|Gunk Shot|p1a: Iron Crown\n|-immune|p1a: Iron Crown\n|\n|upkeep\n|turn|12\n|\n|t:|1788273651\n|switch|p2a: 50 Cent|Alomomola, F|100/100\n|move|p1a: Iron Crown|Psyshock|p2a: 50 Cent\n|-damage|p2a: 50 Cent|52/100\n|\n|upkeep\n|turn|13\n|\n|t:|1788273659\n|-end|p1a: Iron Crown|Quark Drive|[silent]\n|switch|p1a: Alomomola|Alomomola, F|83/100\n|move|p2a: 50 Cent|Flip Turn|p1a: Alomomola\n|-resisted|p1a: Alomomola\n|-damage|p1a: Alomomola|77/100\n|\n|t:|1788273666\n|switch|p2a: Ice Cube|Ogerpon-Wellspring-Tera, F, tera:Water|21/100 tox|[from] Flip Turn\n|-ability|p2a: Ice Cube|Embody Aspect (Wellspring)|boost\n|-boost|p2a: Ice Cube|spd|1\n|\n|-damage|p2a: Ice Cube|15/100 tox|[from] psn\n|upkeep\n|turn|14\n|\n|t:|1788273679\n|move|p2a: Ice Cube|Synthesis|p2a: Ice Cube\n|-heal|p2a: Ice Cube|64/100 tox\n|move|p1a: Alomomola|Wish|p1a: Alomomola\n|\n|-damage|p2a: Ice Cube|52/100 tox|[from] psn\n|upkeep\n|turn|15\n|\n|t:|1788273692\n|switch|p1a: Zamazenta|Zamazenta|100/100\n|-ability|p1a: Zamazenta|Dauntless Shield|boost\n|-boost|p1a: Zamazenta|def|1\n|move|p2a: Ice Cube|Swords Dance|p2a: Ice Cube\n|-boost|p2a: Ice Cube|atk|2\n|\n|-damage|p2a: Ice Cube|34/100 tox|[from] psn\n|upkeep\n|turn|16\n|\n|t:|1788273696\n|switch|p2a: Rakim|Zapdos|100/100\n|move|p1a: Zamazenta|Stone Edge|p2a: Rakim\n|-supereffective|p2a: Rakim\n|-damage|p2a: Rakim|52/100\n|\n|upkeep\n|turn|17\n|inactive|GavilarKholin has 120 seconds left.\n|\n|t:|1788273727\n|switch|p1a: Alomomola|Alomomola, F|100/100\n|move|p2a: Rakim|Roost|p2a: Rakim\n|-heal|p2a: Rakim|100/100\n|-singleturn|p2a: Rakim|move: Roost\n|\n|upkeep\n|turn|18\n|\n|t:|1788273733\n|move|p2a: Rakim|U-turn|p1a: Alomomola\n|-damage|p1a: Alomomola|91/100\n|\n|t:|1788273734\n|switch|p2a: 50 Cent|Alomomola, F|85/100|[from] U-turn\n|move|p1a: Alomomola|Flip Turn|p2a: 50 Cent\n|-resisted|p2a: 50 Cent\n|-damage|p2a: 50 Cent|79/100\n|\n|t:|1788273736\n|switch|p1a: Gliscor|Gliscor, F|44/100 tox|[from] Flip Turn\n|-damage|p1a: Gliscor|31/100 tox|[from] Stealth Rock\n|\n|-heal|p1a: Gliscor|44/100 tox|[from] ability: Poison Heal\n|upkeep\n|turn|19\n|\n|t:|1788273741\n|move|p1a: Gliscor|Spikes|p2a: 50 Cent\n|-sidestart|p2: errodedigitacao|Spikes\n|move|p2a: 50 Cent|Flip Turn|p1a: Gliscor\n|-supereffective|p1a: Gliscor\n|-damage|p1a: Gliscor|20/100 tox\n|\n|t:|1788273744\n|switch|p2a: Ice Cube|Ogerpon-Wellspring-Tera, F, tera:Water|34/100 tox|[from] Flip Turn\n|-damage|p2a: Ice Cube|22/100 tox|[from] Spikes\n|-ability|p2a: Ice Cube|Embody Aspect (Wellspring)|boost\n|-boost|p2a: Ice Cube|spd|1\n|\n|-damage|p2a: Ice Cube|16/100 tox|[from] psn\n|-heal|p1a: Gliscor|32/100 tox|[from] ability: Poison Heal\n|upkeep\n|turn|20\n|\n|t:|1788273757\n|move|p2a: Ice Cube|Synthesis|p2a: Ice Cube\n|-heal|p2a: Ice Cube|66/100 tox\n|move|p1a: Gliscor|Earthquake|p2a: Ice Cube\n|-damage|p2a: Ice Cube|30/100 tox\n|\n|-damage|p2a: Ice Cube|18/100 tox|[from] psn\n|-heal|p1a: Gliscor|45/100 tox|[from] ability: Poison Heal\n|upkeep\n|turn|21\n|\n|t:|1788273766\n|move|p1a: Gliscor|Protect|p1a: Gliscor\n|-singleturn|p1a: Gliscor|Protect\n|move|p2a: Ice Cube|Ivy Cudgel|p1a: Gliscor|[anim] Ivy Cudgel Water\n|-activate|p1a: Gliscor|move: Protect\n|\n|-damage|p2a: Ice Cube|0 fnt|[from] psn\n|faint|p2a: Ice Cube\n|detailschange|p2: Ice Cube|Ogerpon-Wellspring, F|[silent]\n|-heal|p1a: Gliscor|57/100 tox|[from] ability: Poison Heal\n|upkeep\n|\n|t:|1788273769\n|switch|p2a: Snoop Dogg|Okidogi, M|79/100\n|-damage|p2a: Snoop Dogg|66/100|[from] Spikes\n|turn|22\n|\n|t:|1788273781\n|switch|p1a: Iron Crown|Iron Crown|94/100\n|-damage|p1a: Iron Crown|88/100|[from] Stealth Rock\n|move|p2a: Snoop Dogg|Knock Off|p1a: Iron Crown\n|-supereffective|p1a: Iron Crown\n|-damage|p1a: Iron Crown|22/100\n|-enditem|p1a: Iron Crown|Choice Specs|[from] move: Knock Off|[of] p2a: Snoop Dogg\n|\n|upkeep\n|turn|23\n|\n|t:|1788273787\n|switch|p2a: 50 Cent|Alomomola, F|100/100\n|-damage|p2a: 50 Cent|88/100|[from] Spikes\n|move|p1a: Iron Crown|Volt Switch|p2a: 50 Cent\n|-supereffective|p2a: 50 Cent\n|-damage|p2a: 50 Cent|67/100\n|\n|t:|1788273796\n|-end|p1a: Iron Crown|Quark Drive|[silent]\n|switch|p1a: Gliscor|Gliscor, F|57/100 tox|[from] Volt Switch\n|-damage|p1a: Gliscor|45/100 tox|[from] Stealth Rock\n|\n|-heal|p1a: Gliscor|57/100 tox|[from] ability: Poison Heal\n|upkeep\n|turn|24\n|\n|t:|1788273798\n|move|p1a: Gliscor|Protect|p1a: Gliscor\n|-singleturn|p1a: Gliscor|Protect\n|move|p2a: 50 Cent|Flip Turn|p1a: Gliscor\n|-activate|p1a: Gliscor|move: Protect\n|\n|-heal|p1a: Gliscor|70/100 tox|[from] ability: Poison Heal\n|upkeep\n|turn|25\n|\n|t:|1788273803\n|move|p1a: Gliscor|Spikes|p2a: 50 Cent\n|-sidestart|p2: errodedigitacao|Spikes\n|move|p2a: 50 Cent|Flip Turn|p1a: Gliscor\n|-supereffective|p1a: Gliscor\n|-damage|p1a: Gliscor|44/100 tox\n|\n|t:|1788273805\n|switch|p2a: Biggie Smalls|Iron Treads|52/100|[from] Flip Turn\n|-damage|p2a: Biggie Smalls|35/100|[from] Spikes\n|\n|-heal|p2a: Biggie Smalls|42/100|[from] item: Leftovers\n|-heal|p1a: Gliscor|57/100 tox|[from] ability: Poison Heal\n|upkeep\n|turn|26\n|\n|t:|1788273807\n|move|p1a: Gliscor|Protect|p1a: Gliscor\n|-singleturn|p1a: Gliscor|Protect\n|move|p2a: Biggie Smalls|Rapid Spin|p1a: Gliscor\n|-activate|p1a: Gliscor|move: Protect\n|\n|-heal|p2a: Biggie Smalls|48/100|[from] item: Leftovers\n|-heal|p1a: Gliscor|69/100 tox|[from] ability: Poison Heal\n|upkeep\n|turn|27\n|\n|t:|1788273812\n|switch|p1a: Alomomola|Alomomola, F|100/100\n|move|p2a: Biggie Smalls|Rapid Spin|p1a: Alomomola\n|-damage|p1a: Alomomola|87/100\n|-boost|p2a: Biggie Smalls|spe|1\n|-sideend|p2: errodedigitacao|Spikes|[from] move: Rapid Spin|[of] p2a: Biggie Smalls\n|\n|-heal|p2a: Biggie Smalls|54/100|[from] item: Leftovers\n|upkeep\n|turn|28\n|\n|t:|1788273814\n|move|p2a: Biggie Smalls|Knock Off|p1a: Alomomola\n|-damage|p1a: Alomomola|65/100\n|-enditem|p1a: Alomomola|Heavy-Duty Boots|[from] move: Knock Off|[of] p2a: Biggie Smalls\n|move|p1a: Alomomola|Flip Turn|p2a: Biggie Smalls\n|-supereffective|p2a: Biggie Smalls\n|-damage|p2a: Biggie Smalls|26/100\n|\n|t:|1788273818\n|switch|p1a: Gliscor|Gliscor, F|69/100 tox|[from] Flip Turn\n|-damage|p1a: Gliscor|57/100 tox|[from] Stealth Rock\n|\n|-heal|p2a: Biggie Smalls|32/100|[from] item: Leftovers\n|-heal|p1a: Gliscor|69/100 tox|[from] ability: Poison Heal\n|upkeep\n|turn|29\n|\n|t:|1788273821\n|move|p1a: Gliscor|Protect|p1a: Gliscor\n|-singleturn|p1a: Gliscor|Protect\n|move|p2a: Biggie Smalls|Knock Off|p1a: Gliscor\n|-activate|p1a: Gliscor|move: Protect\n|\n|-heal|p2a: Biggie Smalls|39/100|[from] item: Leftovers\n|-heal|p1a: Gliscor|82/100 tox|[from] ability: Poison Heal\n|upkeep\n|turn|30\n|\n|t:|1788273826\n|-end|p2a: Biggie Smalls|Quark Drive|[silent]\n|switch|p2a: Tupac|Iron Valiant|100/100\n|move|p1a: Gliscor|Spikes|p2a: Tupac\n|-sidestart|p2: errodedigitacao|Spikes\n|\n|-heal|p1a: Gliscor|94/100 tox|[from] ability: Poison Heal\n|upkeep\n|turn|31\n|\n|t:|1788273830\n|move|p1a: Gliscor|Protect|p1a: Gliscor\n|-singleturn|p1a: Gliscor|Protect\n|move|p2a: Tupac|Moonblast|p1a: Gliscor\n|-activate|p1a: Gliscor|move: Protect\n|\n|-heal|p1a: Gliscor|100/100 tox|[from] ability: Poison Heal\n|upkeep\n|turn|32\n|\n|t:|1788273834\n|move|p2a: Tupac|Moonblast|p1a: Gliscor\n|-damage|p1a: Gliscor|35/100 tox\n|move|p1a: Gliscor|Toxic|p2a: Tupac\n|-status|p2a: Tupac|tox\n|\n|-damage|p2a: Tupac|94/100 tox|[from] psn\n|-heal|p1a: Gliscor|47/100 tox|[from] ability: Poison Heal\n|upkeep\n|turn|33\n|\n|t:|1788273848\n|move|p1a: Gliscor|Protect|p1a: Gliscor\n|-singleturn|p1a: Gliscor|Protect\n|move|p2a: Tupac|Moonblast|p1a: Gliscor\n|-activate|p1a: Gliscor|move: Protect\n|\n|-damage|p2a: Tupac|82/100 tox|[from] psn\n|-heal|p1a: Gliscor|60/100 tox|[from] ability: Poison Heal\n|upkeep\n|turn|34\n|\n|t:|1788273850\n|switch|p1a: Alomomola|Alomomola, F|98/100\n|-damage|p1a: Alomomola|86/100|[from] Stealth Rock\n|move|p2a: Tupac|Moonblast|p1a: Alomomola\n|-damage|p1a: Alomomola|36/100\n|\n|-damage|p2a: Tupac|63/100 tox|[from] psn\n|upkeep\n|turn|35\n|\n|t:|1788273853\n|move|p1a: Alomomola|Protect|p1a: Alomomola\n|-singleturn|p1a: Alomomola|Protect\n|move|p2a: Tupac|Moonblast|p1a: Alomomola\n|-activate|p1a: Alomomola|move: Protect\n|\n|-damage|p2a: Tupac|38/100 tox|[from] psn\n|upkeep\n|turn|36\n|\n|t:|1788273857\n|switch|p1a: Iron Crown|Iron Crown|22/100\n|-damage|p1a: Iron Crown|16/100|[from] Stealth Rock\n|move|p2a: Tupac|Moonblast|p1a: Iron Crown\n|-resisted|p1a: Iron Crown\n|-damage|p1a: Iron Crown|0 fnt\n|faint|p1a: Iron Crown\n|-end|p1a: Iron Crown|Quark Drive|[silent]\n|\n|-damage|p2a: Tupac|7/100 tox|[from] psn\n|upkeep\n|\n|t:|1788273866\n|switch|p1a: Weavile|Weavile, M|100/100\n|-ability|p1a: Weavile|Pressure\n|turn|37\n|\n|t:|1788273870\n|move|p1a: Weavile|Ice Shard|p2a: Tupac\n|-damage|p2a: Tupac|0 fnt\n|faint|p2a: Tupac\n|-end|p2a: Tupac|Quark Drive|[silent]\n|\n|upkeep\n|\n|t:|1788273872\n|switch|p2a: Rakim|Zapdos|100/100\n|turn|38\n|\n|t:|1788273880\n|move|p1a: Weavile|Triple Axel|p2a: Rakim\n|-supereffective|p2a: Rakim\n|-damage|p2a: Rakim|86/100\n|-supereffective|p2a: Rakim\n|-damage|p2a: Rakim|59/100\n|-status|p1a: Weavile|par|[from] ability: Static|[of] p2a: Rakim\n|-supereffective|p2a: Rakim\n|-damage|p2a: Rakim|14/100\n|-hitcount|p2a: Rakim|3\n|move|p2a: Rakim|Hurricane|p1a: Weavile|[miss]\n|-miss|p2a: Rakim|p1a: Weavile\n|\n|upkeep\n|turn|39\n|\n|t:|1788273887\n|move|p1a: Weavile|Ice Shard|p2a: Rakim\n|-supereffective|p2a: Rakim\n|-damage|p2a: Rakim|0 fnt\n|faint|p2a: Rakim\n|\n|upkeep\n|\n|t:|1788273890\n|switch|p2a: Snoop Dogg|Okidogi, M|66/100\n|-damage|p2a: Snoop Dogg|54/100|[from] Spikes\n|turn|40\n|\n|t:|1788273916\n|move|p2a: Snoop Dogg|Close Combat|p1a: Weavile\n|-supereffective|p1a: Weavile\n|-damage|p1a: Weavile|0 fnt\n|-unboost|p2a: Snoop Dogg|def|1\n|-unboost|p2a: Snoop Dogg|spd|1\n|faint|p1a: Weavile\n|\n|upkeep\n|\n|t:|1788273926\n|switch|p1a: Gliscor|Gliscor, F|60/100 tox\n|-damage|p1a: Gliscor|47/100 tox|[from] Stealth Rock\n|turn|41\n|\n|t:|1788273928\n|move|p1a: Gliscor|Protect|p1a: Gliscor\n|-singleturn|p1a: Gliscor|Protect\n|move|p2a: Snoop Dogg|Ice Punch|p1a: Gliscor\n|-activate|p1a: Gliscor|move: Protect\n|\n|-heal|p1a: Gliscor|60/100 tox|[from] ability: Poison Heal\n|upkeep\n|turn|42\n|\n|t:|1788273945\n|-terastallize|p1a: Gliscor|Dragon\n|move|p2a: Snoop Dogg|Ice Punch|p1a: Gliscor\n|-supereffective|p1a: Gliscor\n|-damage|p1a: Gliscor|20/100 tox\n|move|p1a: Gliscor|Earthquake|p2a: Snoop Dogg\n|-supereffective|p2a: Snoop Dogg\n|-damage|p2a: Snoop Dogg|0 fnt\n|faint|p2a: Snoop Dogg\n|\n|-heal|p1a: Gliscor|32/100 tox|[from] ability: Poison Heal\n|upkeep\n|\n|t:|1788273951\n|switch|p2a: Biggie Smalls|Iron Treads|39/100\n|-damage|p2a: Biggie Smalls|26/100|[from] Spikes\n|turn|43\n|\n|t:|1788273956\n|move|p1a: Gliscor|Protect|p1a: Gliscor\n|-singleturn|p1a: Gliscor|Protect\n|move|p2a: Biggie Smalls|Earthquake|p1a: Gliscor\n|-activate|p1a: Gliscor|move: Protect\n|\n|-heal|p2a: Biggie Smalls|32/100|[from] item: Leftovers\n|-heal|p1a: Gliscor|45/100 tox|[from] ability: Poison Heal\n|upkeep\n|turn|44\n|\n|t:|1788273968\n|switch|p1a: Zamazenta|Zamazenta|100/100\n|move|p2a: Biggie Smalls|Earthquake|p1a: Zamazenta\n|-damage|p1a: Zamazenta|56/100\n|\n|-heal|p2a: Biggie Smalls|39/100|[from] item: Leftovers\n|upkeep\n|turn|45\n|\n|t:|1788273971\n|-end|p2a: Biggie Smalls|Quark Drive|[silent]\n|switch|p2a: 50 Cent|Alomomola, F|100/100\n|-damage|p2a: 50 Cent|88/100|[from] Spikes\n|move|p1a: Zamazenta|Close Combat|p2a: 50 Cent\n|-damage|p2a: 50 Cent|44/100\n|-unboost|p1a: Zamazenta|def|1\n|-unboost|p1a: Zamazenta|spd|1\n|\n|upkeep\n|turn|46\n|\n|t:|1788273974\n|move|p1a: Zamazenta|Close Combat|p2a: 50 Cent\n|-damage|p2a: 50 Cent|0 fnt\n|-unboost|p1a: Zamazenta|def|1\n|-unboost|p1a: Zamazenta|spd|1\n|faint|p2a: 50 Cent\n|\n|upkeep\n|-message|errodedigitacao forfeited.\n|\n|win|GavilarKholin\n|raw|GavilarKholin's rating: 1725 &rarr; <strong>1740</strong><br />(+15 for winning)\n|raw|errodedigitacao's rating: 1642 &rarr; <strong>1627</strong><br />(-15 for losing)\n|l|\u2606errodedigitacao\n|player|p2|\n|l|\u2606GavilarKholin\n|player|p1|\n", "uploadtime": 1788274198, "views": "0", "formatid": "gen9ou", "rating": 1627, "private": 0, "password": null}