{"id": "gen9ou-2673882455", "format": "[Gen 9] OU", "players": ["sahaljamal", "Mamdanigoat2026"], "log": "|j|\u2606sahaljamal\n|j|\u2606Mamdanigoat2026\n|t:|1788272623\n|gametype|singles\n|player|p1|sahaljamal|2|1399\n|player|p2|Mamdanigoat2026|brock|1427\n|gen|9\n|tier|[Gen 9] OU\n|rated|\n|rule|HP Percentage Mod: HP is shown in percentages\n|rule|Endless Battle Clause: Forcing endless battles is banned\n|rule|Species Clause: Limit one of each Pok\u00e9mon\n|rule|OHKO Clause: OHKO moves are banned\n|rule|Evasion Items Clause: Evasion items are banned\n|rule|Evasion Moves Clause: Evasion moves are banned\n|rule|Evasion Abilities Clause: Evasion abilities are banned\n|rule|Sleep Moves Clause: Sleep-inducing moves are banned\n|clearpoke\n|poke|p1|Ceruledge, F|\n|poke|p1|Corviknight, F|\n|poke|p1|Dragapult, M|\n|poke|p1|Glimmora, F|\n|poke|p1|Samurott-Hisui, F|\n|poke|p1|Garganacl, M|\n|poke|p2|Tyranitar, F|\n|poke|p2|Dragapult, M|\n|poke|p2|Chesnaught, F|\n|poke|p2|Corviknight, F|\n|poke|p2|Dragonite, M|\n|poke|p2|Kingambit, M|\n|teampreview\n|inactive|Battle timer is ON: inactive players will automatically lose when time's up. (requested by sahaljamal)\n|\n|t:|1788272634\n|teamsize|p1|6\n|teamsize|p2|6\n|start\n|switch|p1a: Samurott|Samurott-Hisui, F|100/100\n|switch|p2a: Chesnaught|Chesnaught, F|100/100\n|turn|1\n|\n|t:|1788272642\n|move|p1a: Samurott|Flip Turn|p2a: Chesnaught\n|-resisted|p2a: Chesnaught\n|-crit|p2a: Chesnaught\n|-damage|p2a: Chesnaught|89/100\n|-damage|p1a: Samurott|84/100|[from] item: Rocky Helmet|[of] p2a: Chesnaught\n|\n|t:|1788272646\n|switch|p1a: Corviknight|Corviknight, F|100/100|[from] Flip Turn\n|move|p2a: Chesnaught|Body Press|p1a: Corviknight\n|-damage|p1a: Corviknight|74/100\n|\n|-heal|p1a: Corviknight|80/100|[from] item: Leftovers\n|upkeep\n|turn|2\n|\n|t:|1788272656\n|switch|p2a: Dragapult|Dragapult, M|100/100\n|move|p1a: Corviknight|Brave Bird|p2a: Dragapult\n|-damage|p2a: Dragapult|58/100\n|-damage|p1a: Corviknight|67/100|[from] Recoil\n|\n|-heal|p1a: Corviknight|73/100|[from] item: Leftovers\n|upkeep\n|turn|3\n|\n|t:|1788272667\n|move|p2a: Dragapult|Will-O-Wisp|p1a: Corviknight|[miss]\n|-miss|p2a: Dragapult|p1a: Corviknight\n|move|p1a: Corviknight|Brave Bird|p2a: Dragapult\n|-damage|p2a: Dragapult|16/100\n|-damage|p1a: Corviknight|60/100|[from] Recoil\n|\n|-heal|p1a: Corviknight|66/100|[from] item: Leftovers\n|upkeep\n|turn|4\n|\n|t:|1788272679\n|move|p2a: Dragapult|Will-O-Wisp|p1a: Corviknight\n|-status|p1a: Corviknight|brn\n|move|p1a: Corviknight|Brave Bird|p2a: Dragapult\n|-damage|p2a: Dragapult|0 fnt\n|faint|p2a: Dragapult\n|-damage|p1a: Corviknight|62/100 brn|[from] Recoil\n|\n|-heal|p1a: Corviknight|68/100 brn|[from] item: Leftovers\n|-damage|p1a: Corviknight|62/100 brn|[from] brn\n|upkeep\n|\n|t:|1788272694\n|switch|p2a: Chesnaught|Chesnaught, F|89/100\n|turn|5\n|\n|t:|1788272698\n|move|p1a: Corviknight|Brave Bird|p2a: Chesnaught\n|-supereffective|p2a: Chesnaught\n|-damage|p2a: Chesnaught|49/100\n|-damage|p1a: Corviknight|45/100 brn|[from] item: Rocky Helmet|[of] p2a: Chesnaught\n|-damage|p1a: Corviknight|33/100 brn|[from] Recoil\n|move|p2a: Chesnaught|Knock Off|p1a: Corviknight\n|-damage|p1a: Corviknight|19/100 brn\n|-enditem|p1a: Corviknight|Leftovers|[from] move: Knock Off|[of] p2a: Chesnaught\n|\n|-damage|p1a: Corviknight|13/100 brn|[from] brn\n|upkeep\n|turn|6\n|\n|t:|1788272709\n|move|p1a: Corviknight|Brave Bird|p2a: Chesnaught\n|-supereffective|p2a: Chesnaught\n|-damage|p2a: Chesnaught|6/100\n|-damage|p1a: Corviknight|0 fnt|[from] item: Rocky Helmet|[of] p2a: Chesnaught\n|faint|p1a: Corviknight\n|move|p2a: Chesnaught|Synthesis|p2a: Chesnaught\n|-heal|p2a: Chesnaught|56/100\n|\n|upkeep\n|\n|t:|1788272721\n|switch|p1a: Dragapult|Dragapult, M|100/100\n|turn|7\n|\n|t:|1788272728\n|switch|p2a: Tyranitar|Tyranitar, F|100/100\n|-weather|Sandstorm|[from] ability: Sand Stream|[of] p2a: Tyranitar\n|move|p1a: Dragapult|Will-O-Wisp|p2a: Tyranitar\n|-status|p2a: Tyranitar|brn\n|\n|-weather|Sandstorm|[upkeep]\n|-damage|p1a: Dragapult|95/100|[from] Sandstorm\n|-damage|p2a: Tyranitar|94/100 brn|[from] brn\n|upkeep\n|turn|8\n|\n|t:|1788272740\n|move|p1a: Dragapult|U-turn|p2a: Tyranitar\n|-supereffective|p2a: Tyranitar\n|-damage|p2a: Tyranitar|61/100 brn\n|-damage|p1a: Dragapult|85/100|[from] item: Life Orb\n|\n|t:|1788272744\n|switch|p1a: Glimmora|Glimmora, F|100/100|[from] U-turn\n|move|p2a: Tyranitar|Thunder Wave|p1a: Glimmora\n|-status|p1a: Glimmora|par\n|\n|-weather|Sandstorm|[upkeep]\n|-heal|p2a: Tyranitar|68/100 brn|[from] item: Leftovers\n|-damage|p2a: Tyranitar|61/100 brn|[from] brn\n|upkeep\n|turn|9\n|\n|t:|1788272753\n|switch|p2a: Corviknight|Corviknight, F|100/100\n|-ability|p2a: Corviknight|Pressure\n|cant|p1a: Glimmora|par\n|\n|-weather|Sandstorm|[upkeep]\n|upkeep\n|turn|10\n|\n|t:|1788272760\n|move|p2a: Corviknight|Iron Head|p1a: Glimmora\n|-supereffective|p1a: Glimmora\n|-damage|p1a: Glimmora|41/100 par\n|-activate|p1a: Glimmora|ability: Toxic Debris\n|-sidestart|p2: Mamdanigoat2026|move: Toxic Spikes\n|cant|p1a: Glimmora|flinch\n|\n|-weather|Sandstorm|[upkeep]\n|upkeep\n|turn|11\n|\n|t:|1788272767\n|move|p2a: Corviknight|Iron Head|p1a: Glimmora\n|-supereffective|p1a: Glimmora\n|-damage|p1a: Glimmora|0 fnt\n|-activate|p1a: Glimmora|ability: Toxic Debris\n|-sidestart|p2: Mamdanigoat2026|move: Toxic Spikes\n|faint|p1a: Glimmora\n|\n|-weather|none\n|upkeep\n|\n|t:|1788272772\n|switch|p1a: Garganacl|Garganacl, M|100/100\n|turn|12\n|\n|t:|1788272777\n|move|p2a: Corviknight|Defog|p1a: Garganacl\n|-unboost|p1a: Garganacl|evasion|1\n|-sideend|p2: Mamdanigoat2026|Toxic Spikes|[from] move: Defog|[of] p2a: Corviknight\n|move|p1a: Garganacl|Iron Defense|p1a: Garganacl\n|-boost|p1a: Garganacl|def|2\n|\n|upkeep\n|turn|13\n|\n|t:|1788272784\n|switch|p2a: Dragonite|Dragonite, M|100/100\n|move|p1a: Garganacl|Iron Defense|p1a: Garganacl\n|-boost|p1a: Garganacl|def|2\n|\n|upkeep\n|turn|14\n|\n|t:|1788272789\n|move|p1a: Garganacl|Salt Cure|p2a: Dragonite\n|-supereffective|p2a: Dragonite\n|-damage|p2a: Dragonite|87/100\n|-start|p2a: Dragonite|Salt Cure\n|move|p2a: Dragonite|Dragon Tail|p1a: Garganacl\n|-damage|p1a: Garganacl|92/100\n|drag|p1a: Samurott|Samurott-Hisui, F|84/100\n|\n|-damage|p2a: Dragonite|75/100|[from] Salt Cure\n|upkeep\n|turn|15\n|\n|t:|1788272798\n|switch|p2a: Chesnaught|Chesnaught, F|56/100\n|move|p1a: Samurott|Ceaseless Edge|p2a: Chesnaught\n|-resisted|p2a: Chesnaught\n|-damage|p2a: Chesnaught|44/100\n|-damage|p1a: Samurott|68/100|[from] item: Rocky Helmet|[of] p2a: Chesnaught\n|-sidestart|p2: Mamdanigoat2026|Spikes\n|\n|upkeep\n|turn|16\n|\n|t:|1788272807\n|switch|p1a: Ceruledge|Ceruledge, F|100/100\n|move|p2a: Chesnaught|Synthesis|p2a: Chesnaught\n|-heal|p2a: Chesnaught|94/100\n|\n|upkeep\n|turn|17\n|\n|t:|1788272818\n|switch|p2a: Tyranitar|Tyranitar, F|61/100 brn\n|-damage|p2a: Tyranitar|49/100 brn|[from] Spikes\n|-weather|Sandstorm|[from] ability: Sand Stream|[of] p2a: Tyranitar\n|move|p1a: Ceruledge|Bitter Blade|p2a: Tyranitar\n|-resisted|p2a: Tyranitar\n|-damage|p2a: Tyranitar|30/100 brn\n|\n|-weather|Sandstorm|[upkeep]\n|-damage|p1a: Ceruledge|94/100|[from] Sandstorm\n|-heal|p2a: Tyranitar|36/100 brn|[from] item: Leftovers\n|-damage|p2a: Tyranitar|30/100 brn|[from] brn\n|upkeep\n|turn|18\n|\n|t:|1788272833\n|move|p1a: Ceruledge|Close Combat|p2a: Tyranitar\n|-supereffective|p2a: Tyranitar\n|-damage|p2a: Tyranitar|0 fnt\n|-unboost|p1a: Ceruledge|def|1\n|-unboost|p1a: Ceruledge|spd|1\n|faint|p2a: Tyranitar\n|\n|-weather|Sandstorm|[upkeep]\n|-damage|p1a: Ceruledge|88/100|[from] Sandstorm\n|upkeep\n|\n|t:|1788272841\n|switch|p2a: Dragonite|Dragonite, M|75/100\n|turn|19\n|\n|t:|1788272848\n|move|p1a: Ceruledge|Poltergeist|p2a: Dragonite\n|-activate|p2a: Dragonite|move: Poltergeist|Heavy-Duty Boots\n|-crit|p2a: Dragonite\n|-damage|p2a: Dragonite|0 fnt\n|faint|p2a: Dragonite\n|\n|-weather|Sandstorm|[upkeep]\n|-damage|p1a: Ceruledge|82/100|[from] Sandstorm\n|upkeep\n|c|\u2606Mamdanigoat2026|come on\n|\n|t:|1788272860\n|switch|p2a: Kingambit|Kingambit, M|100/100\n|-damage|p2a: Kingambit|88/100|[from] Spikes\n|-activate|p2a: Kingambit|ability: Supreme Overlord\n|-start|p2a: Kingambit|fallen3|[silent]\n|turn|20\n|\n|t:|1788272867\n|-terastallize|p1a: Ceruledge|Fighting\n|move|p2a: Kingambit|Sucker Punch|p1a: Ceruledge\n|-resisted|p1a: Ceruledge\n|-damage|p1a: Ceruledge|23/100\n|-ability|p1a: Ceruledge|Weak Armor|boost\n|-unboost|p1a: Ceruledge|def|1\n|-boost|p1a: Ceruledge|spe|2\n|move|p1a: Ceruledge|Close Combat|p2a: Kingambit\n|-supereffective|p2a: Kingambit\n|-damage|p2a: Kingambit|0 fnt\n|-unboost|p1a: Ceruledge|def|1\n|-unboost|p1a: Ceruledge|spd|1\n|faint|p2a: Kingambit\n|-end|p2a: Kingambit|fallen3|[silent]\n|\n|-weather|Sandstorm|[upkeep]\n|-damage|p1a: Ceruledge|17/100|[from] Sandstorm\n|upkeep\n|\n|t:|1788272896\n|switch|p2a: Corviknight|Corviknight, F|100/100\n|-ability|p2a: Corviknight|Pressure\n|turn|21\n|\n|t:|1788272903\n|move|p1a: Ceruledge|Bitter Blade|p2a: Corviknight\n|-supereffective|p2a: Corviknight\n|-damage|p2a: Corviknight|49/100\n|-heal|p1a: Ceruledge|52/100|[from] drain|[of] p2a: Corviknight\n|-damage|p1a: Ceruledge|35/100|[from] item: Rocky Helmet|[of] p2a: Corviknight\n|move|p2a: Corviknight|Iron Head|p1a: Ceruledge\n|-damage|p1a: Ceruledge|0 fnt\n|faint|p1a: Ceruledge\n|\n|-weather|none\n|upkeep\n|\n|t:|1788272913\n|switch|p1a: Dragapult|Dragapult, M|85/100\n|turn|22\n|\n|t:|1788272918\n|move|p1a: Dragapult|Will-O-Wisp|p2a: Corviknight\n|-status|p2a: Corviknight|brn\n|move|p2a: Corviknight|Iron Head|p1a: Dragapult\n|-damage|p1a: Dragapult|68/100\n|\n|-damage|p2a: Corviknight|43/100 brn|[from] brn\n|upkeep\n|turn|23\n|\n|t:|1788272926\n|move|p1a: Dragapult|Hex|p2a: Corviknight\n|-damage|p2a: Corviknight|0 fnt\n|faint|p2a: Corviknight\n|-damage|p1a: Dragapult|58/100|[from] item: Life Orb\n|\n|upkeep\n|\n|t:|1788272930\n|switch|p2a: Chesnaught|Chesnaught, F|94/100\n|-damage|p2a: Chesnaught|82/100|[from] Spikes\n|turn|24\n|\n|t:|1788272934\n|move|p1a: Dragapult|Will-O-Wisp|p2a: Chesnaught\n|-status|p2a: Chesnaught|brn\n|move|p2a: Chesnaught|Knock Off|p1a: Dragapult\n|-supereffective|p1a: Dragapult\n|-damage|p1a: Dragapult|28/100\n|-enditem|p1a: Dragapult|Life Orb|[from] move: Knock Off|[of] p2a: Chesnaught\n|\n|-damage|p2a: Chesnaught|76/100 brn|[from] brn\n|upkeep\n|turn|25\n|\n|t:|1788272945\n|move|p1a: Dragapult|Hex|p2a: Chesnaught\n|-damage|p2a: Chesnaught|7/100 brn\n|move|p2a: Chesnaught|Knock Off|p1a: Dragapult\n|-supereffective|p1a: Dragapult\n|-damage|p1a: Dragapult|6/100\n|\n|-damage|p2a: Chesnaught|1/100 brn|[from] brn\n|upkeep\n|turn|26\n|\n|t:|1788272952\n|move|p1a: Dragapult|Hex|p2a: Chesnaught\n|-damage|p2a: Chesnaught|0 fnt\n|faint|p2a: Chesnaught\n|\n|win|sahaljamal\n|raw|sahaljamal's rating: 1399 &rarr; <strong>1421</strong><br />(+22 for winning)\n|raw|Mamdanigoat2026's rating: 1427 &rarr; <strong>1405</strong><br />(-22 for losing)\n|l|\u2606Mamdanigoat2026\n|player|p2|\n|l|\u2606sahaljamal\n|player|p1|\n", "uploadtime": 1788273112, "views": "0", "formatid": "gen9ou", "rating": 1405, "private": 0, "password": null}