{"id": "gen9ou-2673946646", "format": "[Gen 9] OU", "players": ["blu-97_v", "kangarooteam1"], "log": "|j|\u2606blu-97_v\n|j|\u2606kangarooteam1\n|t:|1788280440\n|gametype|singles\n|player|p1|blu-97_v|lucas|1563\n|player|p2|kangarooteam1|1|1593\n|gen|9\n|tier|[Gen 9] OU\n|rated|\n|rule|HP Percentage Mod: HP is shown in percentages\n|rule|Endless Battle Clause: Forcing endless battles is banned\n|rule|Species Clause: Limit one of each Pok\u00e9mon\n|rule|OHKO Clause: OHKO moves are banned\n|rule|Evasion Items Clause: Evasion items are banned\n|rule|Evasion Moves Clause: Evasion moves are banned\n|rule|Evasion Abilities Clause: Evasion abilities are banned\n|rule|Sleep Moves Clause: Sleep-inducing moves are banned\n|clearpoke\n|poke|p1|Darkrai|\n|poke|p1|Scizor, M|\n|poke|p1|Pecharunt|\n|poke|p1|Ogerpon-Wellspring, F|\n|poke|p1|Corviknight, M|\n|poke|p1|Swampert, F|\n|poke|p2|Great Tusk|\n|poke|p2|Gholdengo|\n|poke|p2|Raging Bolt|\n|poke|p2|Iron Valiant|\n|poke|p2|Ogerpon-Wellspring, F|\n|poke|p2|Kingambit, F|\n|teampreview\n|inactive|Battle timer is ON: inactive players will automatically lose when time's up. (requested by kangarooteam1)\n|inactive|blu-97_v has 120 seconds left.\n|\n|t:|1788280491\n|teamsize|p1|6\n|teamsize|p2|6\n|start\n|switch|p1a: Pecharunt|Pecharunt|100/100\n|switch|p2a: Raging Bolt|Raging Bolt|100/100\n|turn|1\n|\n|t:|1788280497\n|move|p1a: Pecharunt|Malignant Chain|p2a: Raging Bolt\n|-damage|p2a: Raging Bolt|75/100\n|move|p2a: Raging Bolt|Dragon Pulse|p1a: Pecharunt\n|-damage|p1a: Pecharunt|45/100\n|\n|-heal|p2a: Raging Bolt|81/100|[from] item: Leftovers\n|upkeep\n|turn|2\n|\n|t:|1788280511\n|move|p1a: Pecharunt|Parting Shot|p2a: Raging Bolt\n|-unboost|p2a: Raging Bolt|atk|1\n|-unboost|p2a: Raging Bolt|spa|1\n|\n|t:|1788280517\n|switch|p1a: Swampert|Swampert, F|100/100|[from] Parting Shot\n|move|p2a: Raging Bolt|Thunderbolt|p1a: Swampert\n|-immune|p1a: Swampert\n|\n|-heal|p2a: Raging Bolt|87/100|[from] item: Leftovers\n|upkeep\n|turn|3\n|\n|t:|1788280531\n|-end|p2a: Raging Bolt|Protosynthesis|[silent]\n|switch|p2a: Ogerpon|Ogerpon-Wellspring, F|100/100\n|move|p1a: Swampert|Stealth Rock|p2a: Ogerpon\n|-sidestart|p2: kangarooteam1|move: Stealth Rock\n|\n|upkeep\n|turn|4\n|\n|t:|1788280540\n|switch|p1a: Corviknight|Corviknight, M|100/100\n|-ability|p1a: Corviknight|Pressure\n|move|p2a: Ogerpon|Ivy Cudgel|p1a: Corviknight|[anim] Ivy Cudgel Water\n|-damage|p1a: Corviknight|65/100\n|\n|-heal|p1a: Corviknight|71/100|[from] item: Leftovers\n|upkeep\n|turn|5\n|\n|t:|1788280548\n|switch|p2a: Great Tusk|Great Tusk|100/100\n|-damage|p2a: Great Tusk|98/100|[from] Stealth Rock\n|move|p1a: Corviknight|Roost|p1a: Corviknight\n|-heal|p1a: Corviknight|100/100\n|-singleturn|p1a: Corviknight|move: Roost\n|\n|-heal|p2a: Great Tusk|100/100|[from] item: Leftovers\n|upkeep\n|turn|6\n|\n|t:|1788280560\n|move|p2a: Great Tusk|Rapid Spin|p1a: Corviknight\n|-resisted|p1a: Corviknight\n|-damage|p1a: Corviknight|96/100\n|-boost|p2a: Great Tusk|spe|1\n|-sideend|p2: kangarooteam1|Stealth Rock|[from] move: Rapid Spin|[of] p2a: Great Tusk\n|move|p1a: Corviknight|U-turn|p2a: Great Tusk\n|-resisted|p2a: Great Tusk\n|-damage|p2a: Great Tusk|97/100\n|\n|t:|1788280567\n|switch|p1a: Darkrai|Darkrai|100/100|[from] U-turn\n|\n|-heal|p2a: Great Tusk|100/100|[from] item: Leftovers\n|upkeep\n|turn|7\n|\n|t:|1788280577\n|switch|p1a: Corviknight|Corviknight, M|96/100\n|-ability|p1a: Corviknight|Pressure\n|-end|p2a: Great Tusk|Protosynthesis|[silent]\n|switch|p2a: Kingambit|Kingambit, F|100/100\n|\n|-heal|p1a: Corviknight|100/100|[from] item: Leftovers\n|upkeep\n|turn|8\n|\n|t:|1788280582\n|move|p1a: Corviknight|U-turn|p2a: Kingambit\n|-damage|p2a: Kingambit|89/100\n|\n|t:|1788280611\n|switch|p1a: Ogerpon|Ogerpon-Wellspring, F|100/100|[from] U-turn\n|move|p2a: Kingambit|Swords Dance|p2a: Kingambit\n|-boost|p2a: Kingambit|atk|2\n|\n|-heal|p2a: Kingambit|96/100|[from] item: Leftovers\n|upkeep\n|turn|9\n|\n|t:|1788280613\n|move|p1a: Ogerpon|Encore|p2a: Kingambit\n|-start|p2a: Kingambit|Encore\n|move|p2a: Kingambit|Swords Dance|p2a: Kingambit\n|-boost|p2a: Kingambit|atk|2\n|\n|-heal|p2a: Kingambit|100/100|[from] item: Leftovers\n|upkeep\n|turn|10\n|\n|t:|1788280620\n|-end|p2a: Kingambit|fallenundefined|[silent]\n|switch|p2a: Raging Bolt|Raging Bolt|87/100\n|move|p1a: Ogerpon|U-turn|p2a: Raging Bolt\n|-damage|p2a: Raging Bolt|64/100\n|\n|t:|1788280634\n|switch|p1a: Swampert|Swampert, F|100/100|[from] U-turn\n|\n|-heal|p2a: Raging Bolt|70/100|[from] item: Leftovers\n|upkeep\n|turn|11\n|\n|t:|1788280646\n|-end|p2a: Raging Bolt|Protosynthesis|[silent]\n|switch|p2a: Great Tusk|Great Tusk|100/100\n|switch|p1a: Corviknight|Corviknight, M|100/100\n|-ability|p1a: Corviknight|Pressure\n|\n|upkeep\n|turn|12\n|\n|t:|1788280651\n|move|p2a: Great Tusk|Stealth Rock|p1a: Corviknight\n|-sidestart|p1: blu-97_v|move: Stealth Rock\n|move|p1a: Corviknight|U-turn|p2a: Great Tusk\n|-resisted|p2a: Great Tusk\n|-damage|p2a: Great Tusk|97/100\n|\n|t:|1788280658\n|switch|p1a: Pecharunt|Pecharunt|45/100|[from] U-turn\n|\n|-heal|p2a: Great Tusk|100/100|[from] item: Leftovers\n|upkeep\n|turn|13\n|\n|t:|1788280662\n|switch|p1a: Corviknight|Corviknight, M|100/100\n|-damage|p1a: Corviknight|88/100|[from] Stealth Rock\n|-ability|p1a: Corviknight|Pressure\n|move|p2a: Great Tusk|Earthquake|p1a: Corviknight\n|-immune|p1a: Corviknight\n|\n|-heal|p1a: Corviknight|94/100|[from] item: Leftovers\n|upkeep\n|turn|14\n|\n|t:|1788280669\n|-end|p2a: Great Tusk|Protosynthesis|[silent]\n|switch|p2a: Raging Bolt|Raging Bolt|70/100\n|move|p1a: Corviknight|Defog|p2a: Raging Bolt\n|-unboost|p2a: Raging Bolt|evasion|1\n|-sideend|p1: blu-97_v|Stealth Rock|[from] move: Defog|[of] p1a: Corviknight\n|\n|-heal|p2a: Raging Bolt|77/100|[from] item: Leftovers\n|-heal|p1a: Corviknight|99/100|[from] item: Leftovers\n|upkeep\n|turn|15\n|\n|t:|1788280676\n|switch|p1a: Swampert|Swampert, F|100/100\n|move|p2a: Raging Bolt|Calm Mind|p2a: Raging Bolt\n|-boost|p2a: Raging Bolt|spa|1\n|-boost|p2a: Raging Bolt|spd|1\n|\n|-heal|p2a: Raging Bolt|83/100|[from] item: Leftovers\n|upkeep\n|turn|16\n|\n|t:|1788280685\n|move|p2a: Raging Bolt|Dragon Pulse|p1a: Swampert\n|-damage|p1a: Swampert|51/100\n|move|p1a: Swampert|Knock Off|p2a: Raging Bolt\n|-damage|p2a: Raging Bolt|62/100\n|-enditem|p2a: Raging Bolt|Leftovers|[from] move: Knock Off|[of] p1a: Swampert\n|\n|-heal|p1a: Swampert|57/100|[from] item: Leftovers\n|upkeep\n|turn|17\n|\n|t:|1788280692\n|move|p2a: Raging Bolt|Dragon Pulse|p1a: Swampert\n|-damage|p1a: Swampert|6/100\n|move|p1a: Swampert|Earthquake|p2a: Raging Bolt\n|-supereffective|p2a: Raging Bolt\n|-damage|p2a: Raging Bolt|5/100\n|\n|-heal|p1a: Swampert|12/100|[from] item: Leftovers\n|upkeep\n|turn|18\n|\n|t:|1788280713\n|move|p1a: Swampert|Protect|p1a: Swampert\n|-singleturn|p1a: Swampert|Protect\n|move|p2a: Raging Bolt|Dragon Pulse|p1a: Swampert\n|-activate|p1a: Swampert|move: Protect\n|\n|-heal|p1a: Swampert|19/100|[from] item: Leftovers\n|upkeep\n|turn|19\n|\n|t:|1788280733\n|move|p2a: Raging Bolt|Dragon Pulse|p1a: Swampert\n|-damage|p1a: Swampert|0 fnt\n|faint|p1a: Swampert\n|\n|upkeep\n|inactive|blu-97_v has 120 seconds left.\n|\n|t:|1788280761\n|switch|p1a: Scizor|Scizor, M|100/100\n|turn|20\n|\n|t:|1788280763\n|move|p1a: Scizor|Bullet Punch|p2a: Raging Bolt\n|-resisted|p2a: Raging Bolt\n|-damage|p2a: Raging Bolt|0 fnt\n|faint|p2a: Raging Bolt\n|-end|p2a: Raging Bolt|Protosynthesis|[silent]\n|\n|upkeep\n|\n|t:|1788280765\n|switch|p2a: Kingambit|Kingambit, F|100/100\n|-activate|p2a: Kingambit|ability: Supreme Overlord\n|-start|p2a: Kingambit|fallen1|[silent]\n|turn|21\n|\n|t:|1788280771\n|switch|p1a: Corviknight|Corviknight, M|99/100\n|-ability|p1a: Corviknight|Pressure\n|move|p2a: Kingambit|Kowtow Cleave|p1a: Corviknight\n|-crit|p1a: Corviknight\n|-damage|p1a: Corviknight|47/100\n|\n|-heal|p1a: Corviknight|53/100|[from] item: Leftovers\n|upkeep\n|turn|22\n|\n|t:|1788280774\n|move|p1a: Corviknight|U-turn|p2a: Kingambit\n|-damage|p2a: Kingambit|90/100\n|\n|t:|1788280783\n|switch|p1a: Ogerpon|Ogerpon-Wellspring, F|100/100|[from] U-turn\n|move|p2a: Kingambit|Swords Dance|p2a: Kingambit\n|-boost|p2a: Kingambit|atk|2\n|\n|-heal|p2a: Kingambit|96/100|[from] item: Leftovers\n|upkeep\n|turn|23\n|\n|t:|1788280785\n|move|p1a: Ogerpon|Encore|p2a: Kingambit\n|-start|p2a: Kingambit|Encore\n|move|p2a: Kingambit|Swords Dance|p2a: Kingambit\n|-boost|p2a: Kingambit|atk|2\n|\n|-heal|p2a: Kingambit|100/100|[from] item: Leftovers\n|upkeep\n|turn|24\n|\n|t:|1788280789\n|-end|p2a: Kingambit|fallen1|[silent]\n|switch|p2a: Ogerpon|Ogerpon-Wellspring, F|100/100\n|move|p1a: Ogerpon|U-turn|p2a: Ogerpon\n|-supereffective|p2a: Ogerpon\n|-damage|p2a: Ogerpon|25/100\n|\n|t:|1788280792\n|switch|p1a: Pecharunt|Pecharunt|45/100|[from] U-turn\n|\n|upkeep\n|turn|25\n|\n|t:|1788280794\n|move|p2a: Ogerpon|U-turn|p1a: Pecharunt\n|-resisted|p1a: Pecharunt\n|-damage|p1a: Pecharunt|42/100\n|\n|t:|1788280795\n|switch|p2a: Gholdengo|Gholdengo|100/100|[from] U-turn\n|-item|p2a: Gholdengo|Air Balloon\n|move|p1a: Pecharunt|Recover|p1a: Pecharunt\n|-heal|p1a: Pecharunt|92/100\n|\n|upkeep\n|turn|26\n|\n|t:|1788280810\n|switch|p1a: Darkrai|Darkrai|100/100\n|move|p2a: Gholdengo|Shadow Ball|p1a: Darkrai\n|-resisted|p1a: Darkrai\n|-damage|p1a: Darkrai|71/100\n|\n|upkeep\n|turn|27\n|\n|t:|1788280816\n|switch|p2a: Kingambit|Kingambit, F|100/100\n|-activate|p2a: Kingambit|ability: Supreme Overlord\n|-start|p2a: Kingambit|fallen1|[silent]\n|move|p1a: Darkrai|Dark Pulse|p2a: Kingambit\n|-resisted|p2a: Kingambit\n|-damage|p2a: Kingambit|69/100\n|\n|-heal|p2a: Kingambit|75/100|[from] item: Leftovers\n|upkeep\n|turn|28\n|\n|t:|1788280824\n|-terastallize|p1a: Darkrai|Dark\n|move|p1a: Darkrai|Dark Pulse|p2a: Kingambit\n|-resisted|p2a: Kingambit\n|-damage|p2a: Kingambit|31/100\n|cant|p2a: Kingambit|flinch\n|\n|-heal|p2a: Kingambit|37/100|[from] item: Leftovers\n|upkeep\n|turn|29\n|\n|t:|1788280826\n|-end|p2a: Kingambit|fallen1|[silent]\n|switch|p2a: Iron Valiant|Iron Valiant|100/100\n|-enditem|p2a: Iron Valiant|Booster Energy\n|-activate|p2a: Iron Valiant|ability: Quark Drive|[fromitem]\n|-start|p2a: Iron Valiant|quarkdrivespe\n|move|p1a: Darkrai|Dark Pulse|p2a: Iron Valiant\n|-resisted|p2a: Iron Valiant\n|-damage|p2a: Iron Valiant|65/100\n|\n|upkeep\n|turn|30\n|\n|t:|1788280841\n|switch|p1a: Corviknight|Corviknight, M|53/100\n|-ability|p1a: Corviknight|Pressure\n|move|p2a: Iron Valiant|Thunderbolt|p1a: Corviknight\n|-supereffective|p1a: Corviknight\n|-damage|p1a: Corviknight|0 fnt\n|faint|p1a: Corviknight\n|\n|upkeep\n|\n|t:|1788280846\n|switch|p1a: Scizor|Scizor, M|100/100\n|turn|31\n|\n|t:|1788280848\n|move|p1a: Scizor|Bullet Punch|p2a: Iron Valiant\n|-supereffective|p2a: Iron Valiant\n|-damage|p2a: Iron Valiant|0 fnt\n|faint|p2a: Iron Valiant\n|-end|p2a: Iron Valiant|Quark Drive|[silent]\n|\n|upkeep\n|\n|t:|1788280850\n|switch|p2a: Kingambit|Kingambit, F|37/100\n|-activate|p2a: Kingambit|ability: Supreme Overlord\n|-start|p2a: Kingambit|fallen2|[silent]\n|turn|32\n|\n|t:|1788280853\n|move|p1a: Scizor|Bullet Punch|p2a: Kingambit\n|-resisted|p2a: Kingambit\n|-damage|p2a: Kingambit|19/100\n|move|p2a: Kingambit|Kowtow Cleave|p1a: Scizor\n|-damage|p1a: Scizor|34/100\n|\n|-heal|p2a: Kingambit|26/100|[from] item: Leftovers\n|upkeep\n|turn|33\n|\n|t:|1788280861\n|switch|p1a: Ogerpon|Ogerpon-Wellspring, F|100/100\n|-end|p2a: Kingambit|fallen2|[silent]\n|switch|p2a: Great Tusk|Great Tusk|100/100\n|\n|upkeep\n|turn|34\n|\n|t:|1788280867\n|-end|p2a: Great Tusk|Protosynthesis|[silent]\n|switch|p2a: Ogerpon|Ogerpon-Wellspring, F|25/100\n|move|p1a: Ogerpon|Ivy Cudgel|p2a: Ogerpon|[anim] Ivy Cudgel Water\n|-heal|p2a: Ogerpon|50/100|[from] ability: Water Absorb|[of] p1a: Ogerpon\n|\n|upkeep\n|turn|35\n|\n|t:|1788280871\n|move|p2a: Ogerpon|U-turn|p1a: Ogerpon\n|-supereffective|p1a: Ogerpon\n|-damage|p1a: Ogerpon|33/100\n|\n|t:|1788280872\n|switch|p2a: Kingambit|Kingambit, F|26/100|[from] U-turn\n|-activate|p2a: Kingambit|ability: Supreme Overlord\n|-start|p2a: Kingambit|fallen2|[silent]\n|move|p1a: Ogerpon|U-turn|p2a: Kingambit\n|-damage|p2a: Kingambit|4/100\n|\n|t:|1788280877\n|switch|p1a: Scizor|Scizor, M|34/100|[from] U-turn\n|\n|-heal|p2a: Kingambit|10/100|[from] item: Leftovers\n|upkeep\n|turn|36\n|\n|t:|1788280879\n|move|p1a: Scizor|Bullet Punch|p2a: Kingambit\n|-resisted|p2a: Kingambit\n|-damage|p2a: Kingambit|0 fnt\n|faint|p2a: Kingambit\n|-end|p2a: Kingambit|fallen2|[silent]\n|\n|upkeep\n|\n|t:|1788280880\n|switch|p2a: Great Tusk|Great Tusk|100/100\n|turn|37\n|\n|t:|1788280882\n|switch|p1a: Pecharunt|Pecharunt|92/100\n|move|p2a: Great Tusk|Knock Off|p1a: Pecharunt\n|-supereffective|p1a: Pecharunt\n|-damage|p1a: Pecharunt|64/100\n|-enditem|p1a: Pecharunt|Heavy-Duty Boots|[from] move: Knock Off|[of] p2a: Great Tusk\n|\n|upkeep\n|turn|38\n|j| vcdgbkkj\n|\n|t:|1788280889\n|move|p2a: Great Tusk|Earthquake|p1a: Pecharunt\n|-supereffective|p1a: Pecharunt\n|-crit|p1a: Pecharunt\n|-damage|p1a: Pecharunt|2/100\n|move|p1a: Pecharunt|Parting Shot|p2a: Great Tusk\n|-unboost|p2a: Great Tusk|atk|1\n|-unboost|p2a: Great Tusk|spa|1\n|\n|t:|1788280899\n|switch|p1a: Darkrai|Darkrai, tera:Dark|71/100|[from] Parting Shot\n|\n|upkeep\n|turn|39\n|\n|t:|1788280907\n|move|p1a: Darkrai|Psychic|p2a: Great Tusk\n|-supereffective|p2a: Great Tusk\n|-damage|p2a: Great Tusk|0 fnt\n|faint|p2a: Great Tusk\n|-end|p2a: Great Tusk|Protosynthesis|[silent]\n|\n|upkeep\n|\n|t:|1788280908\n|switch|p2a: Gholdengo|Gholdengo|100/100\n|-item|p2a: Gholdengo|Air Balloon\n|turn|40\n|\n|t:|1788280920\n|switch|p1a: Pecharunt|Pecharunt|2/100\n|move|p2a: Gholdengo|Nasty Plot|p2a: Gholdengo\n|-boost|p2a: Gholdengo|spa|2\n|\n|upkeep\n|turn|41\n|\n|t:|1788280929\n|move|p2a: Gholdengo|Nasty Plot|p2a: Gholdengo\n|-boost|p2a: Gholdengo|spa|2\n|move|p1a: Pecharunt|Shadow Ball|p2a: Gholdengo\n|-supereffective|p2a: Gholdengo\n|-damage|p2a: Gholdengo|37/100\n|-enditem|p2a: Gholdengo|Air Balloon\n|\n|upkeep\n|turn|42\n|\n|t:|1788280932\n|move|p2a: Gholdengo|Recover|p2a: Gholdengo\n|-heal|p2a: Gholdengo|87/100\n|move|p1a: Pecharunt|Shadow Ball|p2a: Gholdengo\n|-supereffective|p2a: Gholdengo\n|-damage|p2a: Gholdengo|26/100\n|\n|upkeep\n|turn|43\n|\n|t:|1788280936\n|move|p2a: Gholdengo|Recover|p2a: Gholdengo\n|-heal|p2a: Gholdengo|76/100\n|move|p1a: Pecharunt|Shadow Ball|p2a: Gholdengo\n|-supereffective|p2a: Gholdengo\n|-damage|p2a: Gholdengo|21/100\n|\n|upkeep\n|turn|44\n|\n|t:|1788280938\n|move|p2a: Gholdengo|Recover|p2a: Gholdengo\n|-heal|p2a: Gholdengo|71/100\n|move|p1a: Pecharunt|Shadow Ball|p2a: Gholdengo\n|-supereffective|p2a: Gholdengo\n|-damage|p2a: Gholdengo|14/100\n|\n|upkeep\n|turn|45\n|\n|t:|1788280939\n|move|p2a: Gholdengo|Recover|p2a: Gholdengo\n|-heal|p2a: Gholdengo|64/100\n|move|p1a: Pecharunt|Shadow Ball|p2a: Gholdengo\n|-supereffective|p2a: Gholdengo\n|-damage|p2a: Gholdengo|3/100\n|\n|upkeep\n|turn|46\n|\n|t:|1788280941\n|switch|p2a: Ogerpon|Ogerpon-Wellspring, F|50/100\n|move|p1a: Pecharunt|Shadow Ball|p2a: Ogerpon\n|-damage|p2a: Ogerpon|19/100\n|\n|upkeep\n|turn|47\n|\n|t:|1788280943\n|switch|p2a: Gholdengo|Gholdengo|3/100\n|move|p1a: Pecharunt|Shadow Ball|p2a: Gholdengo\n|-supereffective|p2a: Gholdengo\n|-damage|p2a: Gholdengo|0 fnt\n|faint|p2a: Gholdengo\n|\n|upkeep\n|\n|t:|1788280943\n|switch|p2a: Ogerpon|Ogerpon-Wellspring, F|19/100\n|turn|48\n|\n|t:|1788280946\n|-terastallize|p2a: Ogerpon|Water\n|detailschange|p2a: Ogerpon|Ogerpon-Wellspring-Tera, F, tera:Water\n|-ability|p2a: Ogerpon|Embody Aspect (Wellspring)|boost\n|-boost|p2a: Ogerpon|spd|1\n|move|p2a: Ogerpon|U-turn|p1a: Pecharunt\n|-resisted|p1a: Pecharunt\n|-damage|p1a: Pecharunt|0 fnt\n|faint|p1a: Pecharunt\n|\n|upkeep\n|\n|t:|1788280948\n|switch|p1a: Scizor|Scizor, M|34/100\n|turn|49\n|\n|t:|1788280949\n|move|p1a: Scizor|Bullet Punch|p2a: Ogerpon\n|-resisted|p2a: Ogerpon\n|-damage|p2a: Ogerpon|0 fnt\n|faint|p2a: Ogerpon\n|detailschange|p2: Ogerpon|Ogerpon-Wellspring, F|[silent]\n|\n|win|blu-97_v\n|raw|blu-97_v's rating: 1563 &rarr; <strong>1585</strong><br />(+22 for winning)\n|raw|kangarooteam1's rating: 1593 &rarr; <strong>1571</strong><br />(-22 for losing)\n", "uploadtime": 1788280950, "views": "0", "formatid": "gen9ou", "rating": 1571, "private": 0, "password": null}