{"id": "gen9ou-2673914255", "format": "[Gen 9] OU", "players": ["les_mues", "Landsl!de"], "log": "|j|\u2606les_mues\n|j|\u2606Landsl!de\n|t:|1788276518\n|gametype|singles\n|player|p1|les_mues|swimmerf-gen4|1520\n|player|p2|Landsl!de|psychic-gen4|1482\n|gen|9\n|tier|[Gen 9] OU\n|rated|\n|rule|HP Percentage Mod: HP is shown in percentages\n|rule|Endless Battle Clause: Forcing endless battles is banned\n|rule|Species Clause: Limit one of each Pok\u00e9mon\n|rule|OHKO Clause: OHKO moves are banned\n|rule|Evasion Items Clause: Evasion items are banned\n|rule|Evasion Moves Clause: Evasion moves are banned\n|rule|Evasion Abilities Clause: Evasion abilities are banned\n|rule|Sleep Moves Clause: Sleep-inducing moves are banned\n|clearpoke\n|poke|p1|Lokix, M|\n|poke|p1|Rotom-Wash|\n|poke|p1|Slowking-Galar, M|\n|poke|p1|Cinderace, F|\n|poke|p1|Great Tusk|\n|poke|p1|Mandibuzz, F|\n|poke|p2|Landorus-Therian, M|\n|poke|p2|Darkrai|\n|poke|p2|Hatterene, F|\n|poke|p2|Garchomp, M|\n|poke|p2|Gholdengo|\n|poke|p2|Ogerpon-Wellspring, F|\n|teampreview\n|inactive|Battle timer is ON: inactive players will automatically lose when time's up. (requested by les_mues)\n|inactive|Landsl!de has 120 seconds left.\n|inactive|les_mues has 120 seconds left.\n|\n|t:|1788276570\n|teamsize|p1|6\n|teamsize|p2|6\n|start\n|switch|p1a: Mandibuzz|Mandibuzz, F|100/100\n|switch|p2a: Garchomp|Garchomp, M|100/100\n|turn|1\n|\n|t:|1788276586\n|move|p2a: Garchomp|Stealth Rock|p1a: Mandibuzz\n|-sidestart|p1: les_mues|move: Stealth Rock\n|move|p1a: Mandibuzz|U-turn|p2a: Garchomp\n|-damage|p2a: Garchomp|95/100\n|-damage|p1a: Mandibuzz|88/100|[from] ability: Rough Skin|[of] p2a: Garchomp\n|-damage|p1a: Mandibuzz|72/100|[from] item: Rocky Helmet|[of] p2a: Garchomp\n|\n|t:|1788276594\n|switch|p1a: Rotom|Rotom-Wash|100/100|[from] U-turn\n|-damage|p1a: Rotom|88/100|[from] Stealth Rock\n|\n|-heal|p1a: Rotom|94/100|[from] item: Leftovers\n|upkeep\n|turn|2\n|\n|t:|1788276622\n|switch|p2a: Hatterene|Hatterene, F|100/100\n|move|p1a: Rotom|Will-O-Wisp|p2a: Hatterene\n|move|p2a: Hatterene|Will-O-Wisp|p1a: Rotom|[from] ability: Magic Bounce\n|-status|p1a: Rotom|brn\n|\n|-heal|p1a: Rotom|100/100 brn|[from] item: Leftovers\n|-damage|p1a: Rotom|94/100 brn|[from] brn\n|upkeep\n|turn|3\n|\n|t:|1788276627\n|move|p1a: Rotom|Volt Switch|p2a: Hatterene\n|-damage|p2a: Hatterene|82/100\n|\n|t:|1788276631\n|switch|p1a: Slowking|Slowking-Galar, M|100/100|[from] Volt Switch\n|move|p2a: Hatterene|Mystical Fire|p1a: Slowking\n|-damage|p1a: Slowking|85/100\n|-unboost|p1a: Slowking|spa|1\n|\n|upkeep\n|turn|4\n|\n|t:|1788276641\n|switch|p2a: Garchomp|Garchomp, M|95/100\n|-prepare|p1a: Slowking|Chilly Reception|[premajor]\n|move|p1a: Slowking|Chilly Reception|p1a: Slowking\n|-weather|Snowscape\n|\n|t:|1788276666\n|switch|p1a: Rotom|Rotom-Wash|94/100 brn|[from] Chilly Reception\n|-damage|p1a: Rotom|82/100 brn|[from] Stealth Rock\n|\n|-weather|Snowscape|[upkeep]\n|-heal|p1a: Rotom|88/100 brn|[from] item: Leftovers\n|-damage|p1a: Rotom|82/100 brn|[from] brn\n|upkeep\n|turn|5\n|\n|t:|1788276680\n|move|p1a: Rotom|Hydro Pump|p2a: Garchomp\n|-damage|p2a: Garchomp|51/100\n|move|p2a: Garchomp|Spikes|p1a: Rotom\n|-sidestart|p1: les_mues|Spikes\n|\n|-weather|Snowscape|[upkeep]\n|-heal|p1a: Rotom|88/100 brn|[from] item: Leftovers\n|-damage|p1a: Rotom|82/100 brn|[from] brn\n|upkeep\n|turn|6\n|\n|t:|1788276690\n|move|p1a: Rotom|Will-O-Wisp|p2a: Garchomp|[miss]\n|-miss|p1a: Rotom|p2a: Garchomp\n|move|p2a: Garchomp|Dragon Tail|p1a: Rotom\n|-damage|p1a: Rotom|49/100 brn\n|drag|p1a: Cinderace|Cinderace, F|100/100\n|\n|-weather|Snowscape|[upkeep]\n|upkeep\n|turn|7\n|\n|t:|1788276717\n|switch|p1a: Mandibuzz|Mandibuzz, F|72/100\n|-terastallize|p2a: Garchomp|Ghost\n|move|p2a: Garchomp|Earthquake|p1a: Mandibuzz\n|-immune|p1a: Mandibuzz\n|\n|-weather|Snowscape|[upkeep]\n|upkeep\n|turn|8\n|\n|t:|1788276724\n|switch|p2a: Hatterene|Hatterene, F|82/100\n|move|p1a: Mandibuzz|Roost|p1a: Mandibuzz\n|-heal|p1a: Mandibuzz|100/100\n|-singleturn|p1a: Mandibuzz|move: Roost\n|\n|-weather|none\n|upkeep\n|turn|9\n|\n|t:|1788276741\n|move|p1a: Mandibuzz|U-turn|p2a: Hatterene\n|-crit|p2a: Hatterene\n|-damage|p2a: Hatterene|65/100\n|\n|t:|1788276744\n|switch|p1a: Slowking|Slowking-Galar, M|100/100|[from] U-turn\n|move|p2a: Hatterene|Draining Kiss|p1a: Slowking\n|-resisted|p1a: Slowking\n|-damage|p1a: Slowking|93/100\n|-heal|p2a: Hatterene|72/100|[from] drain|[of] p1a: Slowking\n|\n|upkeep\n|turn|10\n|\n|t:|1788276756\n|move|p2a: Hatterene|Psychic Noise|p1a: Slowking\n|-damage|p1a: Slowking|73/100\n|-start|p1a: Slowking|move: Heal Block\n|-prepare|p1a: Slowking|Chilly Reception|[premajor]\n|move|p1a: Slowking|Chilly Reception|p1a: Slowking\n|-weather|Snowscape\n|\n|t:|1788276763\n|switch|p1a: Mandibuzz|Mandibuzz, F|100/100|[from] Chilly Reception\n|\n|-weather|Snowscape|[upkeep]\n|upkeep\n|turn|11\n|\n|t:|1788276768\n|move|p1a: Mandibuzz|U-turn|p2a: Hatterene\n|-damage|p2a: Hatterene|60/100\n|\n|t:|1788276770\n|switch|p1a: Slowking|Slowking-Galar, M|100/100|[from] U-turn\n|move|p2a: Hatterene|Mystical Fire|p1a: Slowking\n|-damage|p1a: Slowking|86/100\n|-unboost|p1a: Slowking|spa|1\n|\n|-weather|Snowscape|[upkeep]\n|upkeep\n|turn|12\n|\n|t:|1788276773\n|move|p2a: Hatterene|Psyshock|p1a: Slowking\n|-damage|p1a: Slowking|41/100\n|-prepare|p1a: Slowking|Chilly Reception|[premajor]\n|move|p1a: Slowking|Chilly Reception|p1a: Slowking\n|\n|t:|1788276776\n|switch|p1a: Mandibuzz|Mandibuzz, F|100/100|[from] Chilly Reception\n|\n|-weather|Snowscape|[upkeep]\n|upkeep\n|turn|13\n|\n|t:|1788276782\n|move|p1a: Mandibuzz|Defog|p2a: Hatterene\n|move|p2a: Hatterene|Defog|p1a: Mandibuzz|[from] ability: Magic Bounce\n|-unboost|p1a: Mandibuzz|evasion|1\n|-sideend|p1: les_mues|Spikes|[from] move: Defog|[of] p2a: Hatterene\n|-sideend|p1: les_mues|Stealth Rock|[from] move: Defog|[of] p2a: Hatterene\n|move|p2a: Hatterene|Mystical Fire|p1a: Mandibuzz\n|-damage|p1a: Mandibuzz|79/100\n|-unboost|p1a: Mandibuzz|spa|1\n|\n|-weather|Snowscape|[upkeep]\n|upkeep\n|turn|14\n|\n|t:|1788276789\n|move|p1a: Mandibuzz|U-turn|p2a: Hatterene\n|-damage|p2a: Hatterene|49/100\n|\n|t:|1788276796\n|switch|p1a: Slowking|Slowking-Galar, M|74/100|[from] U-turn\n|move|p2a: Hatterene|Draining Kiss|p1a: Slowking\n|-resisted|p1a: Slowking\n|-damage|p1a: Slowking|68/100\n|-heal|p2a: Hatterene|55/100|[from] drain|[of] p1a: Slowking\n|\n|-weather|none\n|upkeep\n|turn|15\n|\n|t:|1788276806\n|move|p2a: Hatterene|Draining Kiss|p1a: Slowking\n|-resisted|p1a: Slowking\n|-damage|p1a: Slowking|60/100\n|-heal|p2a: Hatterene|63/100|[from] drain|[of] p1a: Slowking\n|move|p1a: Slowking|Sludge Bomb|p2a: Hatterene\n|-supereffective|p2a: Hatterene\n|-damage|p2a: Hatterene|21/100\n|\n|upkeep\n|turn|16\n|\n|t:|1788276815\n|switch|p2a: Garchomp|Garchomp, M, tera:Ghost|51/100\n|-prepare|p1a: Slowking|Chilly Reception|[premajor]\n|move|p1a: Slowking|Chilly Reception|p1a: Slowking\n|-weather|Snowscape\n|\n|t:|1788276821\n|switch|p1a: Mandibuzz|Mandibuzz, F|79/100|[from] Chilly Reception\n|\n|-weather|Snowscape|[upkeep]\n|upkeep\n|turn|17\n|\n|t:|1788276829\n|move|p2a: Garchomp|Stealth Rock|p1a: Mandibuzz\n|-sidestart|p1: les_mues|move: Stealth Rock\n|move|p1a: Mandibuzz|Foul Play|p2a: Garchomp\n|-supereffective|p2a: Garchomp\n|-damage|p2a: Garchomp|2/100\n|-damage|p1a: Mandibuzz|67/100|[from] ability: Rough Skin|[of] p2a: Garchomp\n|-damage|p1a: Mandibuzz|50/100|[from] item: Rocky Helmet|[of] p2a: Garchomp\n|\n|-weather|Snowscape|[upkeep]\n|upkeep\n|turn|18\n|\n|t:|1788276838\n|move|p2a: Garchomp|Spikes|p1a: Mandibuzz\n|-sidestart|p1: les_mues|Spikes\n|move|p1a: Mandibuzz|U-turn|p2a: Garchomp\n|-resisted|p2a: Garchomp\n|-damage|p2a: Garchomp|0 fnt\n|-damage|p1a: Mandibuzz|38/100|[from] ability: Rough Skin|[of] p2a: Garchomp\n|-damage|p1a: Mandibuzz|22/100|[from] item: Rocky Helmet|[of] p2a: Garchomp\n|faint|p2a: Garchomp\n|\n|t:|1788276843\n|switch|p1a: Cinderace|Cinderace, F|100/100|[from] U-turn\n|\n|-weather|Snowscape|[upkeep]\n|upkeep\n|\n|t:|1788276848\n|switch|p2a: Ogerpon|Ogerpon-Wellspring, F|100/100\n|turn|19\n|\n|t:|1788276852\n|move|p1a: Cinderace|Court Change|p1a: Cinderace\n|-swapsideconditions\n|-activate|p1a: Cinderace|move: Court Change\n|move|p2a: Ogerpon|Ivy Cudgel|p1a: Cinderace|[anim] Ivy Cudgel Water\n|-supereffective|p1a: Cinderace\n|-damage|p1a: Cinderace|0 fnt\n|faint|p1a: Cinderace\n|\n|-weather|Snowscape|[upkeep]\n|upkeep\n|\n|t:|1788276861\n|switch|p1a: Lokix|Lokix, M|100/100\n|turn|20\n|\n|t:|1788276874\n|switch|p2a: Landorus|Landorus-Therian, M|100/100\n|-damage|p2a: Landorus|88/100|[from] Stealth Rock\n|-ability|p2a: Landorus|Intimidate|boost\n|-unboost|p1a: Lokix|atk|1\n|move|p1a: Lokix|U-turn|p2a: Landorus\n|-resisted|p2a: Landorus\n|-damage|p2a: Landorus|49/100\n|\n|t:|1788276887\n|switch|p1a: Great Tusk|Great Tusk|100/100|[from] U-turn\n|\n|-weather|none\n|upkeep\n|turn|21\n|\n|t:|1788276905\n|move|p2a: Landorus|Earthquake|p1a: Great Tusk\n|-damage|p1a: Great Tusk|59/100\n|move|p1a: Great Tusk|Ice Spinner|p2a: Landorus\n|-supereffective|p2a: Landorus\n|-damage|p2a: Landorus|0 fnt\n|faint|p2a: Landorus\n|\n|upkeep\n|\n|t:|1788276912\n|switch|p2a: Ogerpon|Ogerpon-Wellspring, F|100/100\n|-damage|p2a: Ogerpon|88/100|[from] Stealth Rock\n|-damage|p2a: Ogerpon|76/100|[from] Spikes\n|turn|22\n|\n|t:|1788276930\n|-end|p1a: Great Tusk|Protosynthesis|[silent]\n|switch|p1a: Mandibuzz|Mandibuzz, F|22/100\n|move|p2a: Ogerpon|Ivy Cudgel|p1a: Mandibuzz|[anim] Ivy Cudgel Water\n|-crit|p1a: Mandibuzz\n|-damage|p1a: Mandibuzz|0 fnt\n|faint|p1a: Mandibuzz\n|\n|upkeep\n|\n|t:|1788276936\n|switch|p1a: Lokix|Lokix, M|100/100\n|turn|23\n|\n|t:|1788276942\n|move|p1a: Lokix|First Impression|p2a: Ogerpon\n|-supereffective|p2a: Ogerpon\n|-damage|p2a: Ogerpon|0 fnt\n|faint|p2a: Ogerpon\n|\n|upkeep\n|\n|t:|1788276945\n|switch|p2a: Darkrai|Darkrai|100/100\n|-damage|p2a: Darkrai|88/100|[from] Stealth Rock\n|-damage|p2a: Darkrai|76/100|[from] Spikes\n|turn|24\n|\n|t:|1788276957\n|switch|p2a: Hatterene|Hatterene, F|21/100\n|-damage|p2a: Hatterene|9/100|[from] Stealth Rock\n|-damage|p2a: Hatterene|0 fnt|[from] Spikes\n|faint|p2a: Hatterene\n|switch|p1a: Rotom|Rotom-Wash|49/100 brn\n|\n|-heal|p1a: Rotom|55/100 brn|[from] item: Leftovers\n|-damage|p1a: Rotom|49/100 brn|[from] brn\n|upkeep\n|\n|t:|1788276960\n|switch|p2a: Darkrai|Darkrai|76/100\n|-damage|p2a: Darkrai|63/100|[from] Stealth Rock\n|-damage|p2a: Darkrai|51/100|[from] Spikes\n|turn|25\n|\n|t:|1788276971\n|move|p2a: Darkrai|Sludge Bomb|p1a: Rotom\n|-damage|p1a: Rotom|0 fnt\n|faint|p1a: Rotom\n|\n|upkeep\n|\n|t:|1788276982\n|switch|p1a: Great Tusk|Great Tusk|59/100\n|turn|26\n|\n|t:|1788277005\n|move|p1a: Great Tusk|Headlong Rush|p2a: Darkrai\n|-damage|p2a: Darkrai|0 fnt\n|-unboost|p1a: Great Tusk|def|1\n|-unboost|p1a: Great Tusk|spd|1\n|faint|p2a: Darkrai\n|\n|upkeep\n|\n|t:|1788277007\n|switch|p2a: Gholdengo|Gholdengo|100/100\n|-damage|p2a: Gholdengo|94/100|[from] Stealth Rock\n|-item|p2a: Gholdengo|Air Balloon\n|turn|27\n|\n|t:|1788277013\n|-end|p1a: Great Tusk|Protosynthesis|[silent]\n|switch|p1a: Lokix|Lokix, M|100/100\n|move|p2a: Gholdengo|Nasty Plot|p2a: Gholdengo\n|-boost|p2a: Gholdengo|spa|2\n|\n|upkeep\n|turn|28\n|\n|t:|1788277019\n|move|p1a: Lokix|Knock Off|p2a: Gholdengo\n|-supereffective|p2a: Gholdengo\n|-damage|p2a: Gholdengo|0 fnt\n|-enditem|p2a: Gholdengo|Air Balloon\n|faint|p2a: Gholdengo\n|\n|win|les_mues\n|raw|les_mues's rating: 1520 &rarr; <strong>1538</strong><br />(+18 for winning)\n|raw|Landsl!de's rating: 1482 &rarr; <strong>1464</strong><br />(-18 for losing)\n|l|\u2606Landsl!de\n|player|p2|\n", "uploadtime": 1788277183, "views": "2", "formatid": "gen9ou", "rating": 1464, "private": 0, "password": null}