{"id": "gen9ou-2673887408", "format": "[Gen 9] OU", "players": ["Trainer #39", "real regals"], "log": "|j|\u2606Trainer #39\n|j|\u2606real regals\n|t:|1788273241\n|gametype|singles\n|player|p1|Trainer #39|bugsy|1735\n|player|p2|real regals|boarder-gen2|1640\n|gen|9\n|tier|[Gen 9] OU\n|rated|\n|rule|HP Percentage Mod: HP is shown in percentages\n|rule|Endless Battle Clause: Forcing endless battles is banned\n|rule|Species Clause: Limit one of each Pok\u00e9mon\n|rule|OHKO Clause: OHKO moves are banned\n|rule|Evasion Items Clause: Evasion items are banned\n|rule|Evasion Moves Clause: Evasion moves are banned\n|rule|Evasion Abilities Clause: Evasion abilities are banned\n|rule|Sleep Moves Clause: Sleep-inducing moves are banned\n|clearpoke\n|poke|p1|Blissey, F|\n|poke|p1|Corviknight, M|\n|poke|p1|Dondozo, M|\n|poke|p1|Gliscor, M|\n|poke|p1|Clefable, M|\n|poke|p1|Slowking-Galar, M|\n|poke|p2|Excadrill, M|\n|poke|p2|Garganacl, M|\n|poke|p2|Moltres|\n|poke|p2|Pecharunt|\n|poke|p2|Tyranitar, F|\n|poke|p2|Zamazenta-*|\n|teampreview\n|inactive|Battle timer is ON: inactive players will automatically lose when time's up. (requested by real regals)\n|\n|t:|1788273254\n|teamsize|p1|6\n|teamsize|p2|6\n|start\n|switch|p1a: Free Palestine|Gliscor, M|100/100\n|switch|p2a: Tyranitar|Tyranitar, F|100/100\n|-weather|Sandstorm|[from] ability: Sand Stream|[of] p2a: Tyranitar\n|turn|1\n|\n|t:|1788273261\n|move|p1a: Free Palestine|Substitute|p1a: Free Palestine\n|-start|p1a: Free Palestine|Substitute\n|-damage|p1a: Free Palestine|76/100\n|move|p2a: Tyranitar|Ice Punch|p1a: Free Palestine\n|-supereffective|p1a: Free Palestine\n|-end|p1a: Free Palestine|Substitute\n|\n|-weather|Sandstorm|[upkeep]\n|-status|p1a: Free Palestine|tox|[from] item: Toxic Orb\n|upkeep\n|turn|2\n|inactive|Trainer #39 has 120 seconds left.\n|\n|t:|1788273313\n|switch|p2a: Pecharunt|Pecharunt|100/100\n|move|p1a: Free Palestine|Protect||[still]\n|-fail|p1a: Free Palestine\n|\n|-weather|Sandstorm|[upkeep]\n|-damage|p2a: Pecharunt|94/100|[from] Sandstorm\n|-heal|p1a: Free Palestine|88/100 tox|[from] ability: Poison Heal\n|upkeep\n|turn|3\n|inactive|real regals has 120 seconds left.\n|\n|t:|1788273348\n|move|p1a: Free Palestine|Earthquake|p2a: Pecharunt\n|-supereffective|p2a: Pecharunt\n|-damage|p2a: Pecharunt|65/100\n|move|p2a: Pecharunt|Parting Shot|p1a: Free Palestine\n|-unboost|p1a: Free Palestine|atk|1\n|-unboost|p1a: Free Palestine|spa|1\n|\n|t:|1788273352\n|switch|p2a: Excadrill|Excadrill, M|100/100|[from] Parting Shot\n|-item|p2a: Excadrill|Air Balloon\n|\n|-weather|Sandstorm|[upkeep]\n|-heal|p1a: Free Palestine|100/100 tox|[from] ability: Poison Heal\n|upkeep\n|turn|4\n|inactive|Trainer #39 has 120 seconds left.\n|inactive|Trainer #39 has 90 seconds left.\n|\n|t:|1788273387\n|switch|p2a: Garganacl|Garganacl, M|100/100\n|switch|p1a: Trump is low IQ|Corviknight, M|100/100\n|-ability|p1a: Trump is low IQ|Pressure\n|\n|-weather|Sandstorm|[upkeep]\n|upkeep\n|turn|5\n|\n|t:|1788273395\n|move|p1a: Trump is low IQ|U-turn|p2a: Garganacl\n|-damage|p2a: Garganacl|91/100\n|\n|t:|1788273396\n|switch|p1a: Free Lebanon|Clefable, M|100/100|[from] U-turn\n|move|p2a: Garganacl|Stealth Rock|p1a: Free Lebanon\n|-sidestart|p1: Trainer #39|move: Stealth Rock\n|\n|-weather|none\n|-heal|p2a: Garganacl|97/100|[from] item: Leftovers\n|upkeep\n|turn|6\n|\n|t:|1788273417\n|switch|p2a: Pecharunt|Pecharunt|65/100\n|move|p1a: Free Lebanon|Knock Off|p2a: Pecharunt\n|-supereffective|p2a: Pecharunt\n|-damage|p2a: Pecharunt|50/100\n|-enditem|p2a: Pecharunt|Heavy-Duty Boots|[from] move: Knock Off|[of] p1a: Free Lebanon\n|\n|upkeep\n|turn|7\n|inactive|Trainer #39 has 120 seconds left.\n|inactive|Trainer #39 has 90 seconds left.\n|inactive|Trainer #39 has 60 seconds left.\n|\n|t:|1788273505\n|switch|p1a: brat|Blissey, F|100/100\n|move|p2a: Pecharunt|Parting Shot|p1a: brat\n|-unboost|p1a: brat|atk|1\n|-unboost|p1a: brat|spa|1\n|\n|t:|1788273508\n|switch|p2a: Tyranitar|Tyranitar, F|100/100|[from] Parting Shot\n|-weather|Sandstorm|[from] ability: Sand Stream|[of] p2a: Tyranitar\n|\n|-weather|Sandstorm|[upkeep]\n|-damage|p1a: brat|94/100|[from] Sandstorm\n|upkeep\n|turn|8\n|inactive|Trainer #39 has 30 seconds left.\n|\n|t:|1788273539\n|switch|p1a: Trump is low IQ|Corviknight, M|100/100\n|-damage|p1a: Trump is low IQ|88/100|[from] Stealth Rock\n|-ability|p1a: Trump is low IQ|Pressure\n|-terastallize|p2a: Tyranitar|Dark\n|move|p2a: Tyranitar|Knock Off|p1a: Trump is low IQ\n|-damage|p1a: Trump is low IQ|16/100\n|-damage|p2a: Tyranitar|84/100|[from] item: Rocky Helmet|[of] p1a: Trump is low IQ\n|-enditem|p1a: Trump is low IQ|Rocky Helmet|[from] move: Knock Off|[of] p2a: Tyranitar\n|\n|-weather|Sandstorm|[upkeep]\n|-damage|p2a: Tyranitar|78/100|[from] Sandstorm\n|upkeep\n|turn|9\n|\n|t:|1788273544\n|move|p2a: Tyranitar|Knock Off|p1a: Trump is low IQ\n|-damage|p1a: Trump is low IQ|0 fnt\n|faint|p1a: Trump is low IQ\n|\n|-weather|Sandstorm|[upkeep]\n|-damage|p2a: Tyranitar|72/100|[from] Sandstorm\n|upkeep\n|\n|t:|1788273545\n|switch|p1a: Free Palestine|Gliscor, M|100/100 tox\n|-damage|p1a: Free Palestine|88/100 tox|[from] Stealth Rock\n|turn|10\n|\n|t:|1788273553\n|switch|p1a: 808 and curses|Dondozo, M|100/100\n|-damage|p1a: 808 and curses|88/100|[from] Stealth Rock\n|move|p2a: Tyranitar|Knock Off|p1a: 808 and curses\n|-damage|p1a: 808 and curses|38/100\n|-enditem|p1a: 808 and curses|Leftovers|[from] move: Knock Off|[of] p2a: Tyranitar\n|\n|-weather|Sandstorm|[upkeep]\n|-damage|p2a: Tyranitar|66/100|[from] Sandstorm\n|-damage|p1a: 808 and curses|32/100|[from] Sandstorm\n|upkeep\n|turn|11\n|\n|t:|1788273560\n|switch|p1a: Free Palestine|Gliscor, M|88/100 tox\n|-damage|p1a: Free Palestine|76/100 tox|[from] Stealth Rock\n|move|p2a: Tyranitar|Knock Off|p1a: Free Palestine\n|-damage|p1a: Free Palestine|0 fnt\n|-enditem|p1a: Free Palestine|Toxic Orb|[from] move: Knock Off|[of] p2a: Tyranitar\n|faint|p1a: Free Palestine\n|\n|-weather|none\n|upkeep\n|l|\u2606Trainer #39\n|inactive|Trainer #39 disconnected and has a minute to reconnect!\n|player|p1|\n|inactive|Trainer #39 has 30 seconds to reconnect!\n|inactive|Trainer #39 has 20 seconds to reconnect!\n|inactive|Trainer #39 has 15 seconds to reconnect!\n|inactive|Trainer #39 has 10 seconds to reconnect!\n|inactive|Trainer #39 has 5 seconds to reconnect!\n|-message|Trainer #39 lost due to inactivity.\n|\n|win|real regals\n|raw|Trainer #39's rating: 1735 &rarr; <strong>1710</strong><br />(-25 for losing)\n|raw|real regals's rating: 1640 &rarr; <strong>1665</strong><br />(+25 for winning)\n", "uploadtime": 1788273622, "views": "1", "formatid": "gen9ou", "rating": 1665, "private": 0, "password": null}