{"id": "gen9ou-2673863635", "format": "[Gen 9] OU", "players": ["nachoplatter", "Hero24"], "log": "|j|\u2606nachoplatter\n|j|\u2606Hero24\n|t:|1788270202\n|gametype|singles\n|player|p1|nachoplatter|266|1379\n|player|p2|Hero24|fisherman-gen4|1429\n|gen|9\n|tier|[Gen 9] OU\n|rated|\n|rule|HP Percentage Mod: HP is shown in percentages\n|rule|Endless Battle Clause: Forcing endless battles is banned\n|rule|Species Clause: Limit one of each Pok\u00e9mon\n|rule|OHKO Clause: OHKO moves are banned\n|rule|Evasion Items Clause: Evasion items are banned\n|rule|Evasion Moves Clause: Evasion moves are banned\n|rule|Evasion Abilities Clause: Evasion abilities are banned\n|rule|Sleep Moves Clause: Sleep-inducing moves are banned\n|clearpoke\n|poke|p1|Magnezone|\n|poke|p1|Cinderace, M|\n|poke|p1|Volcanion|\n|poke|p1|Ogerpon-Wellspring, F|\n|poke|p1|Rotom-Wash|\n|poke|p1|Arcanine-Hisui, M|\n|poke|p2|Zamazenta-*|\n|poke|p2|Ogerpon-Wellspring, F|\n|poke|p2|Cinderace, F|\n|poke|p2|Tornadus-Therian, M|\n|poke|p2|Iron Treads|\n|poke|p2|Iron Valiant|\n|teampreview\n|inactive|Battle timer is ON: inactive players will automatically lose when time's up. (requested by Hero24)\n|\n|t:|1788270222\n|teamsize|p1|6\n|teamsize|p2|6\n|start\n|switch|p1a: Arcanine|Arcanine-Hisui, M|100/100\n|switch|p2a: Ogerpon|Ogerpon-Wellspring, F|100/100\n|turn|1\n|\n|t:|1788270243\n|move|p2a: Ogerpon|Power Whip|p1a: Arcanine\n|-damage|p1a: Arcanine|20/100\n|move|p1a: Arcanine|Flare Blitz|p2a: Ogerpon\n|-damage|p2a: Ogerpon|30/100\n|\n|upkeep\n|turn|2\n|\n|t:|1788270252\n|switch|p1a: Volcanion|Volcanion|100/100\n|move|p2a: Ogerpon|Ivy Cudgel|p1a: Volcanion|[anim] Ivy Cudgel Water\n|-immune|p1a: Volcanion|[from] ability: Water Absorb\n|\n|upkeep\n|turn|3\n|inactive|Hero24 has 120 seconds left.\n|\n|t:|1788270286\n|move|p2a: Ogerpon|Knock Off|p1a: Volcanion\n|-crit|p1a: Volcanion\n|-damage|p1a: Volcanion|50/100\n|-enditem|p1a: Volcanion|Heavy-Duty Boots|[from] move: Knock Off|[of] p2a: Ogerpon\n|move|p1a: Volcanion|Flamethrower|p2a: Ogerpon\n|-damage|p2a: Ogerpon|0 fnt\n|faint|p2a: Ogerpon\n|\n|upkeep\n|\n|t:|1788270292\n|switch|p2a: Zamazenta|Zamazenta|100/100\n|-ability|p2a: Zamazenta|Dauntless Shield|boost\n|-boost|p2a: Zamazenta|def|1\n|turn|4\n|\n|t:|1788270300\n|move|p2a: Zamazenta|Close Combat|p1a: Volcanion\n|-damage|p1a: Volcanion|0 fnt\n|-unboost|p2a: Zamazenta|def|1\n|-unboost|p2a: Zamazenta|spd|1\n|faint|p1a: Volcanion\n|-damage|p2a: Zamazenta|91/100|[from] item: Life Orb\n|\n|upkeep\n|\n|t:|1788270302\n|switch|p1a: Rotom|Rotom-Wash|100/100\n|turn|5\n|j| sdkid\n|\n|t:|1788270317\n|switch|p2a: Iron Treads|Iron Treads|100/100\n|move|p1a: Rotom|Volt Switch|p2a: Iron Treads\n|-immune|p2a: Iron Treads\n|\n|upkeep\n|turn|6\n|inactive|Hero24 has 120 seconds left.\n|\n|t:|1788270346\n|switch|p1a: Magnezone|Magnezone|100/100\n|move|p2a: Iron Treads|Stealth Rock|p1a: Magnezone\n|-sidestart|p1: nachoplatter|move: Stealth Rock\n|\n|upkeep\n|turn|7\n|\n|t:|1788270352\n|-terastallize|p1a: Magnezone|Fighting\n|move|p2a: Iron Treads|Earthquake|p1a: Magnezone\n|-damage|p1a: Magnezone|58/100\n|move|p1a: Magnezone|Body Press|p2a: Iron Treads\n|-supereffective|p2a: Iron Treads\n|-damage|p2a: Iron Treads|37/100\n|\n|-heal|p2a: Iron Treads|43/100|[from] item: Leftovers\n|upkeep\n|turn|8\n|inactive|Hero24 has 120 seconds left.\n|\n|t:|1788270376\n|move|p2a: Iron Treads|Earthquake|p1a: Magnezone\n|-damage|p1a: Magnezone|13/100\n|move|p1a: Magnezone|Body Press|p2a: Iron Treads\n|-supereffective|p2a: Iron Treads\n|-damage|p2a: Iron Treads|0 fnt\n|faint|p2a: Iron Treads\n|-end|p2a: Iron Treads|Quark Drive|[silent]\n|\n|upkeep\n|\n|t:|1788270385\n|switch|p2a: Zamazenta|Zamazenta|91/100\n|turn|9\n|\n|t:|1788270398\n|move|p2a: Zamazenta|Crunch|p1a: Magnezone\n|-resisted|p1a: Magnezone\n|-damage|p1a: Magnezone|0 fnt\n|faint|p1a: Magnezone\n|-damage|p2a: Zamazenta|81/100|[from] item: Life Orb\n|\n|upkeep\n|\n|t:|1788270407\n|switch|p1a: Rotom|Rotom-Wash|100/100\n|-damage|p1a: Rotom|88/100|[from] Stealth Rock\n|turn|10\n|\n|t:|1788270434\n|move|p1a: Rotom|Will-O-Wisp|p2a: Zamazenta\n|-status|p2a: Zamazenta|brn\n|move|p2a: Zamazenta|Close Combat|p1a: Rotom\n|-damage|p1a: Rotom|35/100\n|-unboost|p2a: Zamazenta|def|1\n|-unboost|p2a: Zamazenta|spd|1\n|-damage|p2a: Zamazenta|71/100 brn|[from] item: Life Orb\n|\n|-damage|p2a: Zamazenta|65/100 brn|[from] brn\n|upkeep\n|turn|11\n|inactive|Hero24 has 90 seconds left.\n|\n|t:|1788270458\n|switch|p1a: Cinderace|Cinderace, M|100/100\n|move|p2a: Zamazenta|Close Combat|p1a: Cinderace\n|-damage|p1a: Cinderace|49/100\n|-unboost|p2a: Zamazenta|def|1\n|-unboost|p2a: Zamazenta|spd|1\n|-damage|p2a: Zamazenta|55/100 brn|[from] item: Life Orb\n|\n|-damage|p2a: Zamazenta|49/100 brn|[from] brn\n|upkeep\n|turn|12\n|inactive|Hero24 has 90 seconds left.\n|\n|t:|1788270467\n|move|p2a: Zamazenta|Close Combat|p1a: Cinderace\n|-damage|p1a: Cinderace|0 fnt\n|-unboost|p2a: Zamazenta|def|1\n|-unboost|p2a: Zamazenta|spd|1\n|faint|p1a: Cinderace\n|-damage|p2a: Zamazenta|39/100 brn|[from] item: Life Orb\n|\n|-damage|p2a: Zamazenta|33/100 brn|[from] brn\n|upkeep\n|\n|t:|1788270472\n|switch|p1a: Rotom|Rotom-Wash|35/100\n|-damage|p1a: Rotom|22/100|[from] Stealth Rock\n|turn|13\n|\n|t:|1788270484\n|move|p1a: Rotom|Volt Switch|p2a: Zamazenta\n|-damage|p2a: Zamazenta|0 fnt\n|faint|p2a: Zamazenta\n|\n|t:|1788270491\n|switch|p1a: Ogerpon|Ogerpon-Wellspring, F|100/100|[from] Volt Switch\n|-damage|p1a: Ogerpon|88/100|[from] Stealth Rock\n|\n|upkeep\n|inactive|Hero24 has 90 seconds left.\n|\n|t:|1788270507\n|switch|p2a: Tornadus|Tornadus-Therian, M|100/100\n|turn|14\n|\n|t:|1788270519\n|switch|p1a: Arcanine|Arcanine-Hisui, M|20/100\n|-damage|p1a: Arcanine|0 fnt|[from] Stealth Rock\n|faint|p1a: Arcanine\n|move|p2a: Tornadus|Bleakwind Storm|p1: Arcanine|[notarget]\n|-fail|p2a: Tornadus\n|\n|upkeep\n|\n|t:|1788270521\n|switch|p1a: Rotom|Rotom-Wash|22/100\n|-damage|p1a: Rotom|10/100|[from] Stealth Rock\n|turn|15\n|\n|t:|1788270528\n|move|p1a: Rotom|Hydro Pump|p2a: Tornadus|[miss]\n|-miss|p1a: Rotom|p2a: Tornadus\n|move|p2a: Tornadus|Bleakwind Storm|p1a: Rotom|[miss]\n|-miss|p2a: Tornadus|p1a: Rotom\n|\n|upkeep\n|turn|16\n|\n|t:|1788270532\n|move|p1a: Rotom|Hydro Pump|p2a: Tornadus\n|-damage|p2a: Tornadus|37/100\n|move|p2a: Tornadus|Grass Knot|p1a: Rotom\n|-supereffective|p1a: Rotom\n|-damage|p1a: Rotom|0 fnt\n|faint|p1a: Rotom\n|-damage|p2a: Tornadus|28/100|[from] item: Life Orb\n|\n|upkeep\n|\n|t:|1788270535\n|switch|p1a: Ogerpon|Ogerpon-Wellspring, F|88/100\n|-damage|p1a: Ogerpon|76/100|[from] Stealth Rock\n|turn|17\n|\n|t:|1788270540\n|move|p2a: Tornadus|Bleakwind Storm|p1a: Ogerpon\n|-supereffective|p1a: Ogerpon\n|-crit|p1a: Ogerpon\n|-damage|p1a: Ogerpon|0 fnt\n|faint|p1a: Ogerpon\n|-damage|p2a: Tornadus|18/100|[from] item: Life Orb\n|\n|win|Hero24\n|raw|nachoplatter's rating: 1379 &rarr; <strong>1362</strong><br />(-17 for losing)\n|raw|Hero24's rating: 1429 &rarr; <strong>1446</strong><br />(+17 for winning)\n|l|\u2606nachoplatter\n|player|p1|\n", "uploadtime": 1788270544, "views": "1", "formatid": "gen9ou", "rating": 1362, "private": 0, "password": null}