{"id": "gen9ou-2673916839", "format": "[Gen 9] OU", "players": ["go b3yond", "BlueSheep's"], "log": "|j|\u2606go b3yond\n|j|\u2606BlueSheep's\n|t:|1788276828\n|gametype|singles\n|player|p1|go b3yond|waiter-gen4|1570\n|player|p2|BlueSheep's|170|1632\n|gen|9\n|tier|[Gen 9] OU\n|rated|\n|rule|HP Percentage Mod: HP is shown in percentages\n|rule|Endless Battle Clause: Forcing endless battles is banned\n|rule|Species Clause: Limit one of each Pok\u00e9mon\n|rule|OHKO Clause: OHKO moves are banned\n|rule|Evasion Items Clause: Evasion items are banned\n|rule|Evasion Moves Clause: Evasion moves are banned\n|rule|Evasion Abilities Clause: Evasion abilities are banned\n|rule|Sleep Moves Clause: Sleep-inducing moves are banned\n|clearpoke\n|poke|p1|Vikavolt, F|\n|poke|p1|Iron Valiant|\n|poke|p1|Heatran, F|\n|poke|p1|Meowscarada, F|\n|poke|p1|Great Tusk|\n|poke|p1|Kingambit, F|\n|poke|p2|Cinderace, M|\n|poke|p2|Primarina, F|\n|poke|p2|Dragapult, F|\n|poke|p2|Gholdengo|\n|poke|p2|Weezing-Galar, F|\n|poke|p2|Zamazenta-*|\n|teampreview\n|inactive|Battle timer is ON: inactive players will automatically lose when time's up. (requested by go b3yond)\n|\n|t:|1788276853\n|teamsize|p1|6\n|teamsize|p2|6\n|start\n|switch|p1a: Kiruma|Vikavolt, F, shiny|100/100\n|switch|p2a: Cinderace|Cinderace, M|100/100\n|turn|1\n|\n|t:|1788276858\n|switch|p1a: Inspector Tsukumo|Heatran, F, shiny|100/100\n|move|p2a: Cinderace|Pyro Ball|p1a: Inspector Tsukumo\n|-start|p1a: Inspector Tsukumo|ability: Flash Fire\n|\n|upkeep\n|turn|2\n|\n|t:|1788276867\n|switch|p2a: Primarina|Primarina, F|100/100\n|move|p1a: Inspector Tsukumo|Magma Storm|p2a: Primarina\n|-resisted|p2a: Primarina\n|-damage|p2a: Primarina|80/100\n|-activate|p2a: Primarina|move: Magma Storm|[of] p1a: Inspector Tsukumo\n|\n|-damage|p2a: Primarina|68/100|[from] move: Magma Storm|[partiallytrapped]\n|upkeep\n|turn|3\n|\n|t:|1788276875\n|-end|p1a: Inspector Tsukumo|ability: Flash Fire|[silent]\n|switch|p1a: Funny Valentine|Meowscarada, F, shiny|100/100\n|move|p2a: Primarina|Surf|p1a: Funny Valentine\n|-resisted|p1a: Funny Valentine\n|-damage|p1a: Funny Valentine|62/100\n|\n|-end|p2a: Primarina|Magma Storm|[partiallytrapped]|[silent]\n|upkeep\n|turn|4\n|\n|t:|1788276881\n|switch|p2a: Weezing|Weezing-Galar, F|100/100\n|move|p1a: Funny Valentine|U-turn|p2a: Weezing\n|-start|p1a: Funny Valentine|typechange|Bug|[from] ability: Protean\n|-resisted|p2a: Weezing\n|-damage|p2a: Weezing|95/100\n|\n|t:|1788276884\n|switch|p1a: Inspector Tsukumo|Heatran, F, shiny|100/100|[from] U-turn\n|\n|upkeep\n|turn|5\n|\n|t:|1788276892\n|switch|p2a: Primarina|Primarina, F|68/100\n|move|p1a: Inspector Tsukumo|Stealth Rock|p2a: Primarina\n|-sidestart|p2: BlueSheep's|move: Stealth Rock\n|\n|upkeep\n|turn|6\n|\n|t:|1788276899\n|move|p1a: Inspector Tsukumo|Earth Power|p2a: Primarina\n|-damage|p2a: Primarina|51/100\n|move|p2a: Primarina|Surf|p1a: Inspector Tsukumo\n|-supereffective|p1a: Inspector Tsukumo\n|-damage|p1a: Inspector Tsukumo|4/100\n|\n|-heal|p1a: Inspector Tsukumo|10/100|[from] item: Leftovers\n|upkeep\n|turn|7\n|\n|t:|1788276908\n|move|p1a: Inspector Tsukumo|Earth Power|p2a: Primarina\n|-damage|p2a: Primarina|32/100\n|move|p2a: Primarina|Moonblast|p1a: Inspector Tsukumo\n|-resisted|p1a: Inspector Tsukumo\n|-damage|p1a: Inspector Tsukumo|0 fnt\n|faint|p1a: Inspector Tsukumo\n|\n|upkeep\n|\n|t:|1788276915\n|switch|p1a: Funny Valentine|Meowscarada, F, shiny|62/100\n|turn|8\n|\n|t:|1788276921\n|move|p1a: Funny Valentine|Knock Off|p2a: Primarina\n|-start|p1a: Funny Valentine|typechange|Dark|[from] ability: Protean\n|-resisted|p2a: Primarina\n|-damage|p2a: Primarina|6/100\n|-enditem|p2a: Primarina|Assault Vest|[from] move: Knock Off|[of] p1a: Funny Valentine\n|move|p2a: Primarina|Surf|p1a: Funny Valentine\n|-damage|p1a: Funny Valentine|0 fnt\n|faint|p1a: Funny Valentine\n|\n|upkeep\n|\n|t:|1788276923\n|switch|p1a: Kiruma|Vikavolt, F, shiny|100/100\n|turn|9\n|\n|t:|1788276931\n|move|p2a: Primarina|Surf|p1a: Kiruma\n|-damage|p1a: Kiruma|16/100\n|move|p1a: Kiruma|Volt Switch|p2a: Primarina\n|-supereffective|p2a: Primarina\n|-damage|p2a: Primarina|0 fnt\n|faint|p2a: Primarina\n|\n|t:|1788276937\n|switch|p1a: L|Kingambit, F, shiny|100/100|[from] Volt Switch\n|-activate|p1a: L|ability: Supreme Overlord\n|-start|p1a: L|fallen2|[silent]\n|-item|p1a: L|Air Balloon\n|\n|upkeep\n|\n|t:|1788276960\n|switch|p2a: Zamazenta|Zamazenta, shiny|100/100\n|-damage|p2a: Zamazenta|94/100|[from] Stealth Rock\n|-ability|p2a: Zamazenta|Dauntless Shield|boost\n|-boost|p2a: Zamazenta|def|1\n|turn|10\n|\n|t:|1788276967\n|-end|p1a: L|fallen2|[silent]\n|switch|p1a: Kiruma|Vikavolt, F, shiny|16/100\n|move|p2a: Zamazenta|Heavy Slam|p1a: Kiruma\n|-resisted|p1a: Kiruma\n|-damage|p1a: Kiruma|0 fnt\n|faint|p1a: Kiruma\n|-damage|p2a: Zamazenta|85/100|[from] item: Life Orb\n|\n|upkeep\n|\n|t:|1788276971\n|switch|p1a: Duke Long|Great Tusk, shiny|100/100\n|turn|11\n|\n|t:|1788276976\n|switch|p2a: Weezing|Weezing-Galar, F|95/100\n|move|p1a: Duke Long|Rapid Spin|p2a: Weezing\n|-damage|p2a: Weezing|83/100\n|-boost|p1a: Duke Long|spe|1\n|\n|upkeep\n|turn|12\n|\n|t:|1788276986\n|move|p1a: Duke Long|Stone Edge|p2a: Weezing\n|-damage|p2a: Weezing|58/100\n|move|p2a: Weezing|Will-O-Wisp|p1a: Duke Long\n|-status|p1a: Duke Long|brn\n|\n|-damage|p1a: Duke Long|94/100 brn|[from] brn\n|upkeep\n|turn|13\n|\n|t:|1788276994\n|-end|p1a: Duke Long|Protosynthesis|[silent]\n|switch|p1a: Rum|Iron Valiant, shiny|100/100\n|-enditem|p1a: Rum|Booster Energy\n|-activate|p1a: Rum|ability: Quark Drive|[fromitem]\n|-start|p1a: Rum|quarkdrivespe\n|move|p2a: Weezing|Defog|p1a: Rum\n|-unboost|p1a: Rum|evasion|1\n|-sideend|p2: BlueSheep's|Stealth Rock|[from] move: Defog|[of] p2a: Weezing\n|\n|upkeep\n|turn|14\n|\n|t:|1788277012\n|switch|p2a: Gholdengo|Gholdengo|100/100\n|move|p1a: Rum|Encore|p2a: Gholdengo\n|-immune|p2a: Gholdengo|[from] ability: Good as Gold\n|\n|upkeep\n|turn|15\n|\n|t:|1788277025\n|switch|p2a: Weezing|Weezing-Galar, F|58/100\n|move|p1a: Rum|Knock Off|p2a: Weezing\n|-resisted|p2a: Weezing\n|-crit|p2a: Weezing\n|-damage|p2a: Weezing|44/100\n|-enditem|p2a: Weezing|Heavy-Duty Boots|[from] move: Knock Off|[of] p1a: Rum\n|\n|upkeep\n|turn|16\n|\n|t:|1788277035\n|move|p1a: Rum|Moonblast|p2a: Weezing\n|-resisted|p2a: Weezing\n|-damage|p2a: Weezing|12/100\n|move|p2a: Weezing|Will-O-Wisp|p1a: Rum\n|-status|p1a: Rum|brn\n|\n|-damage|p1a: Rum|94/100 brn|[from] brn\n|upkeep\n|turn|17\n|\n|t:|1788277048\n|move|p1a: Rum|Moonblast|p2a: Weezing\n|-resisted|p2a: Weezing\n|-damage|p2a: Weezing|0 fnt\n|faint|p2a: Weezing\n|\n|-damage|p1a: Rum|88/100 brn|[from] brn\n|upkeep\n|\n|t:|1788277054\n|switch|p2a: Gholdengo|Gholdengo|100/100\n|turn|18\n|\n|t:|1788277058\n|move|p1a: Rum|Knock Off|p2a: Gholdengo\n|-supereffective|p2a: Gholdengo\n|-damage|p2a: Gholdengo|74/100\n|-enditem|p2a: Gholdengo|Leftovers|[from] move: Knock Off|[of] p1a: Rum\n|move|p2a: Gholdengo|Shadow Ball|p1a: Rum\n|-damage|p1a: Rum|1/100 brn\n|\n|-damage|p1a: Rum|0 fnt|[from] brn\n|faint|p1a: Rum\n|-end|p1a: Rum|Quark Drive|[silent]\n|upkeep\n|\n|t:|1788277065\n|switch|p1a: Duke Long|Great Tusk, shiny|94/100 brn\n|turn|19\n|\n|t:|1788277075\n|-terastallize|p2a: Gholdengo|Flying\n|move|p1a: Duke Long|Headlong Rush|p2a: Gholdengo\n|-immune|p2a: Gholdengo\n|move|p2a: Gholdengo|Nasty Plot|p2a: Gholdengo\n|-boost|p2a: Gholdengo|spa|2\n|\n|-damage|p1a: Duke Long|88/100 brn|[from] brn\n|upkeep\n|turn|20\n|\n|t:|1788277083\n|move|p1a: Duke Long|Stone Edge|p2a: Gholdengo\n|-supereffective|p2a: Gholdengo\n|-damage|p2a: Gholdengo|40/100\n|move|p2a: Gholdengo|Nasty Plot|p2a: Gholdengo\n|-boost|p2a: Gholdengo|spa|2\n|\n|-damage|p1a: Duke Long|82/100 brn|[from] brn\n|upkeep\n|turn|21\n|\n|t:|1788277090\n|move|p1a: Duke Long|Stone Edge|p2a: Gholdengo|[miss]\n|-miss|p1a: Duke Long|p2a: Gholdengo\n|move|p2a: Gholdengo|Recover|p2a: Gholdengo\n|-heal|p2a: Gholdengo|90/100\n|\n|-damage|p1a: Duke Long|76/100 brn|[from] brn\n|upkeep\n|turn|22\n|\n|t:|1788277097\n|move|p1a: Duke Long|Stone Edge|p2a: Gholdengo\n|-supereffective|p2a: Gholdengo\n|-damage|p2a: Gholdengo|55/100\n|move|p2a: Gholdengo|Nasty Plot|p2a: Gholdengo\n|-boost|p2a: Gholdengo|spa|2\n|\n|-damage|p1a: Duke Long|70/100 brn|[from] brn\n|upkeep\n|turn|23\n|\n|t:|1788277104\n|move|p1a: Duke Long|Stone Edge|p2a: Gholdengo\n|-supereffective|p2a: Gholdengo\n|-crit|p2a: Gholdengo\n|-damage|p2a: Gholdengo|1/100\n|move|p2a: Gholdengo|Recover|p2a: Gholdengo\n|-heal|p2a: Gholdengo|51/100\n|\n|-damage|p1a: Duke Long|63/100 brn|[from] brn\n|upkeep\n|turn|24\n|\n|t:|1788277112\n|move|p1a: Duke Long|Stone Edge|p2a: Gholdengo\n|-supereffective|p2a: Gholdengo\n|-damage|p2a: Gholdengo|19/100\n|move|p2a: Gholdengo|Recover|p2a: Gholdengo\n|-heal|p2a: Gholdengo|69/100\n|\n|-damage|p1a: Duke Long|57/100 brn|[from] brn\n|upkeep\n|turn|25\n|\n|t:|1788277118\n|move|p1a: Duke Long|Stone Edge|p2a: Gholdengo\n|-supereffective|p2a: Gholdengo\n|-damage|p2a: Gholdengo|33/100\n|move|p2a: Gholdengo|Recover|p2a: Gholdengo\n|-heal|p2a: Gholdengo|83/100\n|\n|-damage|p1a: Duke Long|51/100 brn|[from] brn\n|upkeep\n|turn|26\n|\n|t:|1788277125\n|move|p1a: Duke Long|Stone Edge|p2a: Gholdengo|[miss]\n|-miss|p1a: Duke Long|p2a: Gholdengo\n|move|p2a: Gholdengo|Recover|p2a: Gholdengo\n|-heal|p2a: Gholdengo|100/100\n|\n|-damage|p1a: Duke Long|45/100 brn|[from] brn\n|upkeep\n|turn|27\n|\n|t:|1788277132\n|move|p1a: Duke Long|Close Combat|p2a: Gholdengo\n|-resisted|p2a: Gholdengo\n|-crit|p2a: Gholdengo\n|-damage|p2a: Gholdengo|79/100\n|-unboost|p1a: Duke Long|def|1\n|-unboost|p1a: Duke Long|spd|1\n|move|p2a: Gholdengo|Shadow Ball|p1a: Duke Long\n|-damage|p1a: Duke Long|0 fnt\n|faint|p1a: Duke Long\n|-end|p1a: Duke Long|Protosynthesis|[silent]\n|\n|upkeep\n|\n|t:|1788277135\n|switch|p1a: L|Kingambit, F, shiny|100/100\n|-activate|p1a: L|ability: Supreme Overlord\n|-start|p1a: L|fallen5|[silent]\n|-item|p1a: L|Air Balloon\n|turn|28\n|\n|t:|1788277145\n|move|p1a: L|Sucker Punch|p2a: Gholdengo\n|-damage|p2a: Gholdengo|23/100\n|move|p2a: Gholdengo|Make It Rain|p1a: L\n|-resisted|p1a: L\n|-damage|p1a: L|0 fnt\n|-unboost|p2a: Gholdengo|spa|1\n|-enditem|p1a: L|Air Balloon\n|faint|p1a: L\n|-end|p1a: L|fallen5|[silent]\n|\n|win|BlueSheep's\n|raw|go b3yond's rating: 1570 &rarr; <strong>1554</strong><br />(-16 for losing)\n|raw|BlueSheep&apos;s's rating: 1632 &rarr; <strong>1648</strong><br />(+16 for winning)\n|l|\u2606go b3yond\n|player|p1|\n|l|\u2606BlueSheep's\n|player|p2|\n", "uploadtime": 1788277319, "views": "2", "formatid": "gen9ou", "rating": 1554, "private": 0, "password": null}