{"id": "gen9ou-2673963321", "format": "[Gen 9] OU", "players": ["rivnar", "blu-97_v"], "log": "|j|\u2606rivnar\n|j|\u2606blu-97_v\n|t:|1788282390\n|gametype|singles\n|player|p1|rivnar|benga|1512\n|player|p2|blu-97_v|lucas|1551\n|gen|9\n|tier|[Gen 9] OU\n|rated|\n|rule|HP Percentage Mod: HP is shown in percentages\n|rule|Endless Battle Clause: Forcing endless battles is banned\n|rule|Species Clause: Limit one of each Pok\u00e9mon\n|rule|OHKO Clause: OHKO moves are banned\n|rule|Evasion Items Clause: Evasion items are banned\n|rule|Evasion Moves Clause: Evasion moves are banned\n|rule|Evasion Abilities Clause: Evasion abilities are banned\n|rule|Sleep Moves Clause: Sleep-inducing moves are banned\n|clearpoke\n|poke|p1|Kingambit, F|\n|poke|p1|Landorus-Therian, M|\n|poke|p1|Garchomp, M|\n|poke|p1|Rotom-Wash|\n|poke|p1|Zamazenta-*|\n|poke|p1|Pecharunt|\n|poke|p2|Darkrai|\n|poke|p2|Scizor, F|\n|poke|p2|Pecharunt|\n|poke|p2|Ogerpon-Wellspring, F|\n|poke|p2|Rotom-Wash|\n|poke|p2|Iron Treads|\n|teampreview\n|inactive|Battle timer is ON: inactive players will automatically lose when time's up. (requested by rivnar)\n|inactive|blu-97_v also wants the timer to be on.\n|\n|t:|1788282416\n|teamsize|p1|6\n|teamsize|p2|6\n|start\n|switch|p1a: Landorus|Landorus-Therian, M|100/100\n|switch|p2a: Iron Treads|Iron Treads|100/100\n|-ability|p1a: Landorus|Intimidate|boost\n|-unboost|p2a: Iron Treads|atk|1\n|turn|1\n|\n|t:|1788282420\n|-end|p2a: Iron Treads|Quark Drive|[silent]\n|switch|p2a: Rotom|Rotom-Wash|100/100\n|move|p1a: Landorus|Stealth Rock|p2a: Rotom\n|-sidestart|p2: blu-97_v|move: Stealth Rock\n|\n|upkeep\n|turn|2\n|\n|t:|1788282438\n|move|p1a: Landorus|U-turn|p2a: Rotom\n|-damage|p2a: Rotom|84/100\n|\n|t:|1788282441\n|switch|p1a: Rotom|Rotom-Wash|100/100|[from] U-turn\n|move|p2a: Rotom|Hydro Pump|p1a: Rotom\n|-resisted|p1a: Rotom\n|-damage|p1a: Rotom|86/100\n|\n|-heal|p1a: Rotom|92/100|[from] item: Leftovers\n|-heal|p2a: Rotom|90/100|[from] item: Leftovers\n|upkeep\n|turn|3\n|\n|t:|1788282449\n|move|p2a: Rotom|Volt Switch|p1a: Rotom\n|-damage|p1a: Rotom|73/100\n|\n|t:|1788282453\n|switch|p2a: Iron Treads|Iron Treads|100/100|[from] Volt Switch\n|-damage|p2a: Iron Treads|97/100|[from] Stealth Rock\n|move|p1a: Rotom|Will-O-Wisp|p2a: Iron Treads\n|-status|p2a: Iron Treads|brn\n|\n|-heal|p2a: Iron Treads|100/100 brn|[from] item: Leftovers\n|-heal|p1a: Rotom|79/100|[from] item: Leftovers\n|-damage|p2a: Iron Treads|94/100 brn|[from] brn\n|upkeep\n|turn|4\n|\n|t:|1788282465\n|switch|p1a: Pecharunt|Pecharunt|100/100\n|move|p2a: Iron Treads|Stealth Rock|p1a: Pecharunt\n|-sidestart|p1: rivnar|move: Stealth Rock\n|\n|-heal|p2a: Iron Treads|100/100 brn|[from] item: Leftovers\n|-damage|p2a: Iron Treads|94/100 brn|[from] brn\n|upkeep\n|turn|5\n|\n|t:|1788282469\n|move|p2a: Iron Treads|Knock Off|p1a: Pecharunt\n|-supereffective|p1a: Pecharunt\n|-damage|p1a: Pecharunt|88/100\n|-enditem|p1a: Pecharunt|Heavy-Duty Boots|[from] move: Knock Off|[of] p2a: Iron Treads\n|move|p1a: Pecharunt|Shadow Ball|p2a: Iron Treads\n|-damage|p2a: Iron Treads|74/100 brn\n|-unboost|p2a: Iron Treads|spd|1\n|\n|-heal|p2a: Iron Treads|80/100 brn|[from] item: Leftovers\n|-damage|p2a: Iron Treads|74/100 brn|[from] brn\n|upkeep\n|turn|6\n|\n|t:|1788282486\n|-end|p2a: Iron Treads|Quark Drive|[silent]\n|switch|p2a: Darkrai|Darkrai|100/100\n|-damage|p2a: Darkrai|88/100|[from] Stealth Rock\n|move|p1a: Pecharunt|Malignant Chain|p2a: Darkrai\n|-damage|p2a: Darkrai|49/100\n|-status|p2a: Darkrai|tox\n|-start|p2a: Darkrai|confusion|[from] ability: Poison Puppeteer|[of] p1a: Pecharunt\n|\n|-damage|p2a: Darkrai|42/100 tox|[from] psn\n|upkeep\n|turn|7\n|\n|t:|1788282498\n|switch|p1a: Rotom|Rotom-Wash|79/100\n|-damage|p1a: Rotom|67/100|[from] Stealth Rock\n|-activate|p2a: Darkrai|confusion\n|-damage|p2a: Darkrai|34/100 tox|[from] confusion\n|\n|-heal|p1a: Rotom|73/100|[from] item: Leftovers\n|-damage|p2a: Darkrai|21/100 tox|[from] psn\n|upkeep\n|turn|8\n|\n|t:|1788282516\n|switch|p1a: Zamazenta|Zamazenta|100/100\n|-damage|p1a: Zamazenta|94/100|[from] Stealth Rock\n|-ability|p1a: Zamazenta|Dauntless Shield|boost\n|-boost|p1a: Zamazenta|def|1\n|-activate|p2a: Darkrai|confusion\n|move|p2a: Darkrai|Dark Pulse|p1a: Zamazenta\n|-resisted|p1a: Zamazenta\n|-damage|p1a: Zamazenta|74/100\n|\n|-damage|p2a: Darkrai|3/100 tox|[from] psn\n|upkeep\n|turn|9\n|\n|t:|1788282526\n|switch|p2a: Pecharunt|Pecharunt|100/100\n|move|p1a: Zamazenta|Crunch|p2a: Pecharunt\n|-supereffective|p2a: Pecharunt\n|-damage|p2a: Pecharunt|75/100\n|\n|upkeep\n|turn|10\n|\n|t:|1788282533\n|move|p1a: Zamazenta|Crunch|p2a: Pecharunt\n|-supereffective|p2a: Pecharunt\n|-damage|p2a: Pecharunt|51/100\n|move|p2a: Pecharunt|Parting Shot|p1a: Zamazenta\n|-unboost|p1a: Zamazenta|atk|1\n|-unboost|p1a: Zamazenta|spa|1\n|\n|t:|1788282542\n|switch|p2a: Rotom|Rotom-Wash|90/100|[from] Parting Shot\n|-damage|p2a: Rotom|77/100|[from] Stealth Rock\n|\n|-heal|p2a: Rotom|84/100|[from] item: Leftovers\n|upkeep\n|turn|11\n|\n|t:|1788282553\n|switch|p1a: Rotom|Rotom-Wash|73/100\n|-damage|p1a: Rotom|61/100|[from] Stealth Rock\n|move|p2a: Rotom|Pain Split|p1a: Rotom\n|-sethp|p1a: Rotom|72/100|[from] move: Pain Split|[silent]\n|-sethp|p2a: Rotom|72/100|[from] move: Pain Split\n|\n|-heal|p2a: Rotom|78/100|[from] item: Leftovers\n|-heal|p1a: Rotom|78/100|[from] item: Leftovers\n|upkeep\n|turn|12\n|\n|t:|1788282562\n|move|p2a: Rotom|Volt Switch|p1a: Rotom\n|-damage|p1a: Rotom|58/100\n|\n|t:|1788282571\n|switch|p2a: Iron Treads|Iron Treads|74/100 brn|[from] Volt Switch\n|-damage|p2a: Iron Treads|71/100 brn|[from] Stealth Rock\n|move|p1a: Rotom|Volt Switch|p2a: Iron Treads\n|-immune|p2a: Iron Treads\n|\n|-heal|p2a: Iron Treads|77/100 brn|[from] item: Leftovers\n|-heal|p1a: Rotom|64/100|[from] item: Leftovers\n|-damage|p2a: Iron Treads|71/100 brn|[from] brn\n|upkeep\n|turn|13\n|\n|t:|1788282578\n|switch|p1a: Pecharunt|Pecharunt|88/100\n|-damage|p1a: Pecharunt|76/100|[from] Stealth Rock\n|move|p2a: Iron Treads|Knock Off|p1a: Pecharunt\n|-supereffective|p1a: Pecharunt\n|-damage|p1a: Pecharunt|68/100\n|\n|-heal|p2a: Iron Treads|77/100 brn|[from] item: Leftovers\n|-damage|p2a: Iron Treads|71/100 brn|[from] brn\n|upkeep\n|turn|14\n|\n|t:|1788282584\n|move|p2a: Iron Treads|Earthquake|p1a: Pecharunt\n|-supereffective|p1a: Pecharunt\n|-damage|p1a: Pecharunt|49/100\n|move|p1a: Pecharunt|Recover|p1a: Pecharunt\n|-heal|p1a: Pecharunt|99/100\n|\n|-heal|p2a: Iron Treads|77/100 brn|[from] item: Leftovers\n|-damage|p2a: Iron Treads|71/100 brn|[from] brn\n|upkeep\n|turn|15\n|\n|t:|1788282593\n|move|p2a: Iron Treads|Earthquake|p1a: Pecharunt\n|-supereffective|p1a: Pecharunt\n|-damage|p1a: Pecharunt|79/100\n|move|p1a: Pecharunt|Parting Shot|p2a: Iron Treads\n|-unboost|p2a: Iron Treads|atk|1\n|-unboost|p2a: Iron Treads|spa|1\n|\n|t:|1788282599\n|switch|p1a: Zamazenta|Zamazenta|74/100|[from] Parting Shot\n|-damage|p1a: Zamazenta|68/100|[from] Stealth Rock\n|\n|-heal|p2a: Iron Treads|77/100 brn|[from] item: Leftovers\n|-damage|p2a: Iron Treads|71/100 brn|[from] brn\n|upkeep\n|turn|16\n|\n|t:|1788282607\n|-end|p2a: Iron Treads|Quark Drive|[silent]\n|switch|p2a: Rotom|Rotom-Wash|78/100\n|-damage|p2a: Rotom|66/100|[from] Stealth Rock\n|move|p1a: Zamazenta|Crunch|p2a: Rotom\n|-damage|p2a: Rotom|44/100\n|\n|-heal|p2a: Rotom|50/100|[from] item: Leftovers\n|upkeep\n|turn|17\n|\n|t:|1788282618\n|switch|p1a: Rotom|Rotom-Wash|64/100\n|-damage|p1a: Rotom|51/100|[from] Stealth Rock\n|move|p2a: Rotom|Pain Split|p1a: Rotom\n|-sethp|p1a: Rotom|51/100|[from] move: Pain Split|[silent]\n|-sethp|p2a: Rotom|51/100|[from] move: Pain Split\n|\n|-heal|p2a: Rotom|57/100|[from] item: Leftovers\n|-heal|p1a: Rotom|57/100|[from] item: Leftovers\n|upkeep\n|turn|18\n|\n|t:|1788282630\n|move|p2a: Rotom|Volt Switch|p1a: Rotom\n|-damage|p1a: Rotom|38/100\n|\n|t:|1788282639\n|switch|p2a: Pecharunt|Pecharunt|51/100|[from] Volt Switch\n|move|p1a: Rotom|Volt Switch|p2a: Pecharunt\n|-damage|p2a: Pecharunt|25/100\n|\n|t:|1788282664\n|switch|p1a: Garchomp|Garchomp, M|100/100|[from] Volt Switch\n|-damage|p1a: Garchomp|94/100|[from] Stealth Rock\n|\n|upkeep\n|turn|19\n|\n|t:|1788282679\n|switch|p2a: Rotom|Rotom-Wash|57/100\n|-damage|p2a: Rotom|45/100|[from] Stealth Rock\n|move|p1a: Garchomp|Scale Shot|p2a: Rotom\n|-damage|p2a: Rotom|29/100\n|-crit|p2a: Rotom\n|-damage|p2a: Rotom|5/100\n|-hitcount|p2a: Rotom|2\n|-unboost|p1a: Garchomp|def|1\n|-boost|p1a: Garchomp|spe|1\n|-damage|p1a: Garchomp|85/100|[from] item: Life Orb\n|\n|-heal|p2a: Rotom|11/100|[from] item: Leftovers\n|upkeep\n|turn|20\n|\n|t:|1788282692\n|move|p1a: Garchomp|Scale Shot|p2a: Rotom|[miss]\n|-miss|p1a: Garchomp|p2a: Rotom\n|move|p2a: Rotom|Pain Split|p1a: Garchomp\n|-sethp|p1a: Garchomp|47/100|[from] move: Pain Split|[silent]\n|-sethp|p2a: Rotom|55/100|[from] move: Pain Split\n|\n|-heal|p2a: Rotom|61/100|[from] item: Leftovers\n|upkeep\n|turn|21\n|\n|t:|1788282700\n|move|p1a: Garchomp|Swords Dance|p1a: Garchomp\n|-boost|p1a: Garchomp|atk|2\n|move|p2a: Rotom|Hydro Pump|p1a: Garchomp\n|-damage|p1a: Garchomp|1/100\n|\n|-heal|p2a: Rotom|68/100|[from] item: Leftovers\n|upkeep\n|turn|22\n|\n|t:|1788282712\n|switch|p2a: Pecharunt|Pecharunt|25/100\n|move|p1a: Garchomp|Scale Shot|p2a: Pecharunt|[miss]\n|-miss|p1a: Garchomp|p2a: Pecharunt\n|\n|upkeep\n|turn|23\n|\n|t:|1788282717\n|move|p1a: Garchomp|Earthquake|p2a: Pecharunt\n|-supereffective|p2a: Pecharunt\n|-crit|p2a: Pecharunt\n|-damage|p2a: Pecharunt|0 fnt\n|faint|p2a: Pecharunt\n|-damage|p1a: Garchomp|0 fnt|[from] item: Life Orb\n|faint|p1a: Garchomp\n|\n|upkeep\n|\n|t:|1788282728\n|switch|p1a: Rotom|Rotom-Wash|38/100\n|switch|p2a: Rotom|Rotom-Wash|68/100\n|-damage|p1a: Rotom|26/100|[from] Stealth Rock\n|-damage|p2a: Rotom|55/100|[from] Stealth Rock\n|turn|24\n|\n|t:|1788282732\n|move|p1a: Rotom|Pain Split|p2a: Rotom\n|-sethp|p2a: Rotom|40/100|[from] move: Pain Split|[silent]\n|-sethp|p1a: Rotom|40/100|[from] move: Pain Split\n|move|p2a: Rotom|Volt Switch|p1a: Rotom\n|-damage|p1a: Rotom|19/100\n|\n|t:|1788282734\n|switch|p2a: Darkrai|Darkrai|3/100 tox|[from] Volt Switch\n|-damage|p2a: Darkrai|0 fnt|[from] Stealth Rock\n|faint|p2a: Darkrai\n|\n|-heal|p1a: Rotom|25/100|[from] item: Leftovers\n|upkeep\n|\n|t:|1788282758\n|switch|p2a: Ogerpon|Ogerpon-Wellspring, F|100/100\n|-damage|p2a: Ogerpon|88/100|[from] Stealth Rock\n|turn|25\n|\n|t:|1788282764\n|switch|p1a: Pecharunt|Pecharunt|79/100\n|-damage|p1a: Pecharunt|67/100|[from] Stealth Rock\n|move|p2a: Ogerpon|Knock Off|p1a: Pecharunt\n|-supereffective|p1a: Pecharunt\n|-damage|p1a: Pecharunt|41/100\n|\n|upkeep\n|turn|26\n|\n|t:|1788282782\n|move|p2a: Ogerpon|U-turn|p1a: Pecharunt\n|-resisted|p1a: Pecharunt\n|-damage|p1a: Pecharunt|37/100\n|\n|t:|1788282783\n|switch|p2a: Scizor|Scizor, F|100/100|[from] U-turn\n|-damage|p2a: Scizor|88/100|[from] Stealth Rock\n|move|p1a: Pecharunt|Recover|p1a: Pecharunt\n|-heal|p1a: Pecharunt|87/100\n|\n|upkeep\n|turn|27\n|\n|t:|1788282794\n|move|p1a: Pecharunt|Parting Shot|p2a: Scizor\n|-unboost|p2a: Scizor|atk|1\n|-unboost|p2a: Scizor|spa|1\n|\n|t:|1788282798\n|switch|p1a: Landorus|Landorus-Therian, M|100/100|[from] Parting Shot\n|-damage|p1a: Landorus|88/100|[from] Stealth Rock\n|-ability|p1a: Landorus|Intimidate|boost\n|-unboost|p2a: Scizor|atk|1\n|move|p2a: Scizor|U-turn|p1a: Landorus\n|-resisted|p1a: Landorus\n|-damage|p1a: Landorus|74/100\n|-damage|p2a: Scizor|72/100|[from] item: Rocky Helmet|[of] p1a: Landorus\n|\n|t:|1788282808\n|switch|p2a: Ogerpon|Ogerpon-Wellspring, F|88/100|[from] U-turn\n|-damage|p2a: Ogerpon|76/100|[from] Stealth Rock\n|\n|upkeep\n|turn|28\n|\n|t:|1788282820\n|switch|p1a: Pecharunt|Pecharunt|87/100\n|-damage|p1a: Pecharunt|75/100|[from] Stealth Rock\n|-terastallize|p2a: Ogerpon|Water\n|detailschange|p2a: Ogerpon|Ogerpon-Wellspring-Tera, F, tera:Water\n|-ability|p2a: Ogerpon|Embody Aspect (Wellspring)|boost\n|-boost|p2a: Ogerpon|spd|1\n|move|p2a: Ogerpon|Ivy Cudgel|p1a: Pecharunt|[anim] Ivy Cudgel Water\n|-damage|p1a: Pecharunt|38/100\n|\n|upkeep\n|turn|29\n|\n|t:|1788282832\n|move|p2a: Ogerpon|Ivy Cudgel|p1a: Pecharunt|[anim] Ivy Cudgel Water\n|-damage|p1a: Pecharunt|1/100\n|move|p1a: Pecharunt|Recover|p1a: Pecharunt\n|-heal|p1a: Pecharunt|51/100\n|\n|upkeep\n|turn|30\n|\n|t:|1788282837\n|move|p2a: Ogerpon|Encore|p1a: Pecharunt\n|-start|p1a: Pecharunt|Encore\n|move|p1a: Pecharunt|Recover|p1a: Pecharunt\n|-heal|p1a: Pecharunt|100/100\n|\n|upkeep\n|turn|31\n|\n|t:|1788282844\n|move|p2a: Ogerpon|Ivy Cudgel|p1a: Pecharunt|[anim] Ivy Cudgel Water\n|-damage|p1a: Pecharunt|63/100\n|move|p1a: Pecharunt|Recover|p1a: Pecharunt\n|-heal|p1a: Pecharunt|100/100\n|\n|upkeep\n|turn|32\n|\n|t:|1788282865\n|switch|p1a: Rotom|Rotom-Wash|25/100\n|-damage|p1a: Rotom|12/100|[from] Stealth Rock\n|move|p2a: Ogerpon|Ivy Cudgel|p1a: Rotom|[anim] Ivy Cudgel Water\n|-resisted|p1a: Rotom\n|-damage|p1a: Rotom|0 fnt\n|faint|p1a: Rotom\n|\n|upkeep\n|\n|t:|1788282873\n|switch|p1a: Pecharunt|Pecharunt|100/100\n|-damage|p1a: Pecharunt|88/100|[from] Stealth Rock\n|turn|33\n|\n|t:|1788282878\n|switch|p2a: Iron Treads|Iron Treads|71/100 brn\n|-damage|p2a: Iron Treads|67/100 brn|[from] Stealth Rock\n|move|p1a: Pecharunt|Malignant Chain|p2a: Iron Treads\n|-immune|p2a: Iron Treads\n|\n|-heal|p2a: Iron Treads|74/100 brn|[from] item: Leftovers\n|-damage|p2a: Iron Treads|67/100 brn|[from] brn\n|upkeep\n|turn|34\n|\n|t:|1788282885\n|move|p2a: Iron Treads|Earthquake|p1a: Pecharunt\n|-supereffective|p1a: Pecharunt\n|-damage|p1a: Pecharunt|70/100\n|move|p1a: Pecharunt|Shadow Ball|p2a: Iron Treads\n|-damage|p2a: Iron Treads|46/100 brn\n|\n|-heal|p2a: Iron Treads|53/100 brn|[from] item: Leftovers\n|-damage|p2a: Iron Treads|46/100 brn|[from] brn\n|upkeep\n|turn|35\n|\n|t:|1788282893\n|move|p2a: Iron Treads|Earthquake|p1a: Pecharunt\n|-supereffective|p1a: Pecharunt\n|-damage|p1a: Pecharunt|54/100\n|move|p1a: Pecharunt|Shadow Ball|p2a: Iron Treads\n|-damage|p2a: Iron Treads|28/100 brn\n|\n|-heal|p2a: Iron Treads|34/100 brn|[from] item: Leftovers\n|-damage|p2a: Iron Treads|28/100 brn|[from] brn\n|upkeep\n|turn|36\n|\n|t:|1788282896\n|move|p2a: Iron Treads|Earthquake|p1a: Pecharunt\n|-supereffective|p1a: Pecharunt\n|-damage|p1a: Pecharunt|36/100\n|move|p1a: Pecharunt|Recover|p1a: Pecharunt\n|-heal|p1a: Pecharunt|86/100\n|\n|-heal|p2a: Iron Treads|34/100 brn|[from] item: Leftovers\n|-damage|p2a: Iron Treads|28/100 brn|[from] brn\n|upkeep\n|turn|37\n|\n|t:|1788282908\n|switch|p1a: Landorus|Landorus-Therian, M|74/100\n|-damage|p1a: Landorus|62/100|[from] Stealth Rock\n|-ability|p1a: Landorus|Intimidate|boost\n|-unboost|p2a: Iron Treads|atk|1\n|move|p2a: Iron Treads|Earthquake|p1a: Landorus\n|-immune|p1a: Landorus\n|\n|-heal|p2a: Iron Treads|34/100 brn|[from] item: Leftovers\n|-damage|p2a: Iron Treads|28/100 brn|[from] brn\n|upkeep\n|turn|38\n|\n|t:|1788282926\n|move|p1a: Landorus|U-turn|p2a: Iron Treads\n|-resisted|p2a: Iron Treads\n|-damage|p2a: Iron Treads|21/100 brn\n|\n|t:|1788282930\n|switch|p1a: Pecharunt|Pecharunt|86/100|[from] U-turn\n|-damage|p1a: Pecharunt|74/100|[from] Stealth Rock\n|move|p2a: Iron Treads|Knock Off|p1a: Pecharunt\n|-supereffective|p1a: Pecharunt\n|-damage|p1a: Pecharunt|69/100\n|\n|-heal|p2a: Iron Treads|27/100 brn|[from] item: Leftovers\n|-damage|p2a: Iron Treads|21/100 brn|[from] brn\n|upkeep\n|turn|39\n|\n|t:|1788282933\n|move|p2a: Iron Treads|Earthquake|p1a: Pecharunt\n|-supereffective|p1a: Pecharunt\n|-damage|p1a: Pecharunt|57/100\n|move|p1a: Pecharunt|Recover|p1a: Pecharunt\n|-heal|p1a: Pecharunt|100/100\n|\n|-heal|p2a: Iron Treads|27/100 brn|[from] item: Leftovers\n|-damage|p2a: Iron Treads|21/100 brn|[from] brn\n|upkeep\n|turn|40\n|\n|t:|1788282937\n|move|p2a: Iron Treads|Earthquake|p1a: Pecharunt\n|-supereffective|p1a: Pecharunt\n|-damage|p1a: Pecharunt|88/100\n|move|p1a: Pecharunt|Shadow Ball|p2a: Iron Treads\n|-damage|p2a: Iron Treads|0 fnt\n|faint|p2a: Iron Treads\n|-end|p2a: Iron Treads|Quark Drive|[silent]\n|\n|upkeep\n|\n|t:|1788282939\n|switch|p2a: Rotom|Rotom-Wash|40/100\n|-damage|p2a: Rotom|28/100|[from] Stealth Rock\n|turn|41\n|\n|t:|1788282947\n|move|p2a: Rotom|Pain Split|p1a: Pecharunt\n|-sethp|p1a: Pecharunt|55/100|[from] move: Pain Split|[silent]\n|-sethp|p2a: Rotom|69/100|[from] move: Pain Split\n|move|p1a: Pecharunt|Malignant Chain|p2a: Rotom\n|-crit|p2a: Rotom\n|-damage|p2a: Rotom|23/100\n|-status|p2a: Rotom|tox\n|-start|p2a: Rotom|confusion|[from] ability: Poison Puppeteer|[of] p1a: Pecharunt\n|\n|-heal|p2a: Rotom|29/100 tox|[from] item: Leftovers\n|-damage|p2a: Rotom|23/100 tox|[from] psn\n|upkeep\n|turn|42\n|\n|t:|1788282960\n|-activate|p2a: Rotom|confusion\n|-damage|p2a: Rotom|19/100 tox|[from] confusion\n|move|p1a: Pecharunt|Recover|p1a: Pecharunt\n|-heal|p1a: Pecharunt|100/100\n|\n|-heal|p2a: Rotom|25/100 tox|[from] item: Leftovers\n|-damage|p2a: Rotom|13/100 tox|[from] psn\n|upkeep\n|turn|43\n|\n|t:|1788282972\n|move|p1a: Pecharunt|Shadow Ball|p2a: Rotom\n|-damage|p2a: Rotom|0 fnt\n|faint|p2a: Rotom\n|\n|upkeep\n|-message|blu-97_v forfeited.\n|\n|win|rivnar\n|raw|rivnar's rating: 1512 &rarr; <strong>1534</strong><br />(+22 for winning)\n|raw|blu-97_v's rating: 1551 &rarr; <strong>1529</strong><br />(-22 for losing)\n|l|\u2606blu-97_v\n|player|p2|\n|l|\u2606rivnar\n|player|p1|\n", "uploadtime": 1788283164, "views": "0", "formatid": "gen9ou", "rating": 1529, "private": 0, "password": null}