{"id": "gen9ou-2673974596", "format": "[Gen 9] OU", "players": ["kangarooteam1", "BFO Ethanol"], "log": "|badge|p2|bronze|gen9ubers|100-10\n|uhtml|medal-msg|<div class=\"broadcast-blue\">Curious what those medals under the avatar are? PS now has Ladder Seasons! For more information, check out the <a href=\"https://www.smogon.com/forums/threads/3740067/\">thread on Smogon.</a></div>\n|j|\u2606kangarooteam1\n|j|\u2606BFO Ethanol\n|t:|1788283711\n|gametype|singles\n|player|p1|kangarooteam1|1|1539\n|player|p2|BFO Ethanol|wallace-gen6|1540\n|gen|9\n|tier|[Gen 9] OU\n|rated|\n|rule|HP Percentage Mod: HP is shown in percentages\n|rule|Endless Battle Clause: Forcing endless battles is banned\n|rule|Species Clause: Limit one of each Pok\u00e9mon\n|rule|OHKO Clause: OHKO moves are banned\n|rule|Evasion Items Clause: Evasion items are banned\n|rule|Evasion Moves Clause: Evasion moves are banned\n|rule|Evasion Abilities Clause: Evasion abilities are banned\n|rule|Sleep Moves Clause: Sleep-inducing moves are banned\n|clearpoke\n|poke|p1|Great Tusk|\n|poke|p1|Gholdengo|\n|poke|p1|Raging Bolt|\n|poke|p1|Iron Valiant|\n|poke|p1|Ogerpon-Wellspring, F|\n|poke|p1|Kingambit, F|\n|poke|p2|Primarina, M|\n|poke|p2|Great Tusk|\n|poke|p2|Enamorus, F|\n|poke|p2|Slowking-Galar, M|\n|poke|p2|Ogerpon, F|\n|poke|p2|Kingambit, M|\n|teampreview\n|j| F0RD-F150\n|inactive|Battle timer is ON: inactive players will automatically lose when time's up. (requested by kangarooteam1)\n|\n|t:|1788283738\n|teamsize|p1|6\n|teamsize|p2|6\n|start\n|switch|p1a: Ogerpon|Ogerpon-Wellspring, F|100/100\n|switch|p2a: Enamorus|Enamorus, F, shiny|100/100\n|turn|1\n|\n|t:|1788283745\n|switch|p2a: Slowking|Slowking-Galar, M, shiny|100/100\n|move|p1a: Ogerpon|Ivy Cudgel|p2a: Slowking|[anim] Ivy Cudgel Water\n|-damage|p2a: Slowking|55/100\n|\n|upkeep\n|turn|2\n|\n|t:|1788283749\n|-terastallize|p1a: Ogerpon|Water\n|detailschange|p1a: Ogerpon|Ogerpon-Wellspring-Tera, F, tera:Water\n|-ability|p1a: Ogerpon|Embody Aspect (Wellspring)|boost\n|-boost|p1a: Ogerpon|spd|1\n|move|p1a: Ogerpon|Ivy Cudgel|p2a: Slowking|[anim] Ivy Cudgel Water\n|-damage|p2a: Slowking|0 fnt\n|faint|p2a: Slowking\n|\n|upkeep\n|\n|t:|1788283754\n|switch|p2a: Ogerpon|Ogerpon, F|100/100\n|turn|3\n|\n|t:|1788283757\n|move|p1a: Ogerpon|U-turn|p2a: Ogerpon\n|-supereffective|p2a: Ogerpon\n|-damage|p2a: Ogerpon|25/100\n|\n|t:|1788283759\n|switch|p1a: Raging Bolt|Raging Bolt|100/100|[from] U-turn\n|move|p2a: Ogerpon|U-turn|p1a: Raging Bolt\n|-damage|p1a: Raging Bolt|74/100\n|\n|t:|1788283770\n|switch|p2a: Great Tusk|Great Tusk, shiny|100/100|[from] U-turn\n|\n|-heal|p1a: Raging Bolt|81/100|[from] item: Leftovers\n|upkeep\n|turn|4\n|\n|t:|1788283772\n|-end|p1a: Raging Bolt|Protosynthesis|[silent]\n|switch|p1a: Great Tusk|Great Tusk|100/100\n|move|p2a: Great Tusk|Stealth Rock|p1a: Great Tusk\n|-sidestart|p1: kangarooteam1|move: Stealth Rock\n|\n|upkeep\n|turn|5\n|\n|t:|1788283778\n|move|p2a: Great Tusk|Ice Spinner|p1a: Great Tusk\n|-supereffective|p1a: Great Tusk\n|-damage|p1a: Great Tusk|71/100\n|move|p1a: Great Tusk|Rapid Spin|p2a: Great Tusk\n|-damage|p2a: Great Tusk|91/100\n|-boost|p1a: Great Tusk|spe|1\n|-damage|p1a: Great Tusk|54/100|[from] item: Rocky Helmet|[of] p2a: Great Tusk\n|-sideend|p1: kangarooteam1|Stealth Rock|[from] move: Rapid Spin|[of] p1a: Great Tusk\n|\n|-heal|p1a: Great Tusk|61/100|[from] item: Leftovers\n|upkeep\n|turn|6\n|\n|t:|1788283782\n|move|p1a: Great Tusk|Earthquake|p2a: Great Tusk\n|-damage|p2a: Great Tusk|58/100\n|move|p2a: Great Tusk|Stealth Rock|p1a: Great Tusk\n|-sidestart|p1: kangarooteam1|move: Stealth Rock\n|\n|-heal|p1a: Great Tusk|67/100|[from] item: Leftovers\n|upkeep\n|turn|7\n|\n|t:|1788283784\n|move|p1a: Great Tusk|Rapid Spin|p2a: Great Tusk\n|-crit|p2a: Great Tusk\n|-damage|p2a: Great Tusk|43/100\n|-boost|p1a: Great Tusk|spe|1\n|-damage|p1a: Great Tusk|50/100|[from] item: Rocky Helmet|[of] p2a: Great Tusk\n|-sideend|p1: kangarooteam1|Stealth Rock|[from] move: Rapid Spin|[of] p1a: Great Tusk\n|move|p2a: Great Tusk|Ice Spinner|p1a: Great Tusk\n|-supereffective|p1a: Great Tusk\n|-damage|p1a: Great Tusk|23/100\n|\n|-heal|p1a: Great Tusk|29/100|[from] item: Leftovers\n|upkeep\n|turn|8\n|\n|t:|1788283789\n|move|p1a: Great Tusk|Earthquake|p2a: Great Tusk\n|-damage|p2a: Great Tusk|13/100\n|move|p2a: Great Tusk|Ice Spinner|p1a: Great Tusk\n|-supereffective|p1a: Great Tusk\n|-damage|p1a: Great Tusk|0 fnt\n|faint|p1a: Great Tusk\n|-end|p1a: Great Tusk|Protosynthesis|[silent]\n|\n|upkeep\n|\n|t:|1788283790\n|switch|p1a: Ogerpon|Ogerpon-Wellspring-Tera, F, tera:Water|100/100\n|-ability|p1a: Ogerpon|Embody Aspect (Wellspring)|boost\n|-boost|p1a: Ogerpon|spd|1\n|turn|9\n|\n|t:|1788283796\n|move|p1a: Ogerpon|Ivy Cudgel|p2a: Great Tusk|[anim] Ivy Cudgel Water\n|-supereffective|p2a: Great Tusk\n|-crit|p2a: Great Tusk\n|-damage|p2a: Great Tusk|0 fnt\n|faint|p2a: Great Tusk\n|-end|p2a: Great Tusk|Protosynthesis|[silent]\n|\n|upkeep\n|\n|t:|1788283799\n|switch|p2a: Ogerpon|Ogerpon, F|25/100\n|turn|10\n|\n|t:|1788283806\n|switch|p1a: Kingambit|Kingambit, F|100/100\n|-activate|p1a: Kingambit|ability: Supreme Overlord\n|-start|p1a: Kingambit|fallen1|[silent]\n|-terastallize|p2a: Ogerpon|Grass\n|detailschange|p2a: Ogerpon|Ogerpon-Teal-Tera, F, tera:Grass\n|-ability|p2a: Ogerpon|Embody Aspect (Teal)|boost\n|-boost|p2a: Ogerpon|spe|1\n|move|p2a: Ogerpon|Ivy Cudgel|p1a: Kingambit\n|-resisted|p1a: Kingambit\n|-damage|p1a: Kingambit|64/100\n|\n|-heal|p1a: Kingambit|71/100|[from] item: Leftovers\n|upkeep\n|turn|11\n|\n|t:|1788283813\n|switch|p2a: Primarina|Primarina, M, shiny|100/100\n|move|p1a: Kingambit|Sucker Punch||[still]\n|-fail|p1a: Kingambit\n|\n|-heal|p1a: Kingambit|77/100|[from] item: Leftovers\n|upkeep\n|turn|12\n|\n|t:|1788283816\n|move|p2a: Primarina|Substitute|p2a: Primarina\n|-start|p2a: Primarina|Substitute\n|-damage|p2a: Primarina|76/100\n|move|p1a: Kingambit|Iron Head|p2a: Primarina\n|-end|p2a: Primarina|Substitute\n|\n|-heal|p2a: Primarina|82/100|[from] item: Leftovers\n|-heal|p1a: Kingambit|83/100|[from] item: Leftovers\n|upkeep\n|turn|13\n|\n|t:|1788283818\n|move|p2a: Primarina|Moonblast|p1a: Kingambit\n|-damage|p1a: Kingambit|28/100\n|-unboost|p1a: Kingambit|spa|1\n|move|p1a: Kingambit|Iron Head|p2a: Primarina\n|-damage|p2a: Primarina|7/100\n|\n|-heal|p2a: Primarina|13/100|[from] item: Leftovers\n|-heal|p1a: Kingambit|35/100|[from] item: Leftovers\n|upkeep\n|turn|14\n|\n|t:|1788283822\n|move|p1a: Kingambit|Sucker Punch||[still]\n|-fail|p1a: Kingambit\n|move|p2a: Primarina|Substitute|p2a: Primarina\n|-fail|p2a: Primarina|move: Substitute|[weak]\n|\n|-heal|p2a: Primarina|19/100|[from] item: Leftovers\n|-heal|p1a: Kingambit|41/100|[from] item: Leftovers\n|upkeep\n|turn|15\n|\n|t:|1788283824\n|move|p1a: Kingambit|Sucker Punch|p2a: Primarina\n|-resisted|p2a: Primarina\n|-crit|p2a: Primarina\n|-damage|p2a: Primarina|0 fnt\n|faint|p2a: Primarina\n|\n|-heal|p1a: Kingambit|47/100|[from] item: Leftovers\n|upkeep\n|\n|t:|1788283827\n|switch|p2a: Enamorus|Enamorus, F, shiny|100/100\n|turn|16\n|\n|t:|1788283831\n|-end|p1a: Kingambit|fallen1|[silent]\n|switch|p1a: Ogerpon|Ogerpon-Wellspring-Tera, F, tera:Water|100/100\n|-ability|p1a: Ogerpon|Embody Aspect (Wellspring)|boost\n|-boost|p1a: Ogerpon|spd|1\n|move|p2a: Enamorus|Moonblast|p1a: Ogerpon\n|-damage|p1a: Ogerpon|58/100\n|\n|upkeep\n|turn|17\n|\n|t:|1788283834\n|switch|p2a: Kingambit|Kingambit, M|100/100\n|-activate|p2a: Kingambit|ability: Supreme Overlord\n|-start|p2a: Kingambit|fallen3|[silent]\n|move|p1a: Ogerpon|Ivy Cudgel|p2a: Kingambit|[anim] Ivy Cudgel Water\n|-damage|p2a: Kingambit|41/100\n|\n|-heal|p2a: Kingambit|48/100|[from] item: Leftovers\n|upkeep\n|turn|18\n|\n|t:|1788283837\n|move|p2a: Kingambit|Sucker Punch|p1a: Ogerpon\n|-damage|p1a: Ogerpon|0 fnt\n|faint|p1a: Ogerpon\n|detailschange|p1: Ogerpon|Ogerpon-Wellspring, F|[silent]\n|\n|-heal|p2a: Kingambit|54/100|[from] item: Leftovers\n|upkeep\n|\n|t:|1788283839\n|switch|p1a: Raging Bolt|Raging Bolt|81/100\n|turn|19\n|\n|t:|1788283842\n|move|p1a: Raging Bolt|Thunderbolt|p2a: Kingambit\n|-damage|p2a: Kingambit|5/100\n|move|p2a: Kingambit|Kowtow Cleave|p1a: Raging Bolt\n|-damage|p1a: Raging Bolt|27/100\n|\n|-heal|p1a: Raging Bolt|33/100|[from] item: Leftovers\n|-heal|p2a: Kingambit|11/100|[from] item: Leftovers\n|upkeep\n|turn|20\n|\n|t:|1788283846\n|-end|p1a: Raging Bolt|Protosynthesis|[silent]\n|switch|p1a: Kingambit|Kingambit, F|47/100\n|-activate|p1a: Kingambit|ability: Supreme Overlord\n|-start|p1a: Kingambit|fallen2|[silent]\n|move|p2a: Kingambit|Swords Dance|p2a: Kingambit\n|-boost|p2a: Kingambit|atk|2\n|\n|-heal|p1a: Kingambit|53/100|[from] item: Leftovers\n|-heal|p2a: Kingambit|17/100|[from] item: Leftovers\n|upkeep\n|turn|21\n|\n|t:|1788283849\n|move|p2a: Kingambit|Sucker Punch|p1a: Kingambit\n|-resisted|p1a: Kingambit\n|-damage|p1a: Kingambit|14/100\n|move|p1a: Kingambit|Iron Head|p2a: Kingambit\n|-resisted|p2a: Kingambit\n|-damage|p2a: Kingambit|0 fnt\n|faint|p2a: Kingambit\n|-end|p2a: Kingambit|fallen3|[silent]\n|\n|-heal|p1a: Kingambit|20/100|[from] item: Leftovers\n|upkeep\n|\n|t:|1788283856\n|switch|p2a: Enamorus|Enamorus, F, shiny|100/100\n|turn|22\n|\n|t:|1788283861\n|move|p1a: Kingambit|Sucker Punch||[still]\n|-fail|p1a: Kingambit\n|move|p2a: Enamorus|Healing Wish|p2a: Enamorus\n|faint|p2a: Enamorus\n|\n|-heal|p1a: Kingambit|26/100|[from] item: Leftovers\n|upkeep\n|\n|t:|1788283862\n|switch|p2a: Ogerpon|Ogerpon-Teal-Tera, F, tera:Grass|25/100\n|-heal|p2a: Ogerpon|100/100|[from] move: Healing Wish\n|-ability|p2a: Ogerpon|Embody Aspect (Teal)|boost\n|-boost|p2a: Ogerpon|spe|1\n|turn|23\n|\n|t:|1788283864\n|move|p1a: Kingambit|Sucker Punch|p2a: Ogerpon\n|-damage|p2a: Ogerpon|35/100\n|move|p2a: Ogerpon|Ivy Cudgel|p1a: Kingambit\n|-resisted|p1a: Kingambit\n|-crit|p1a: Kingambit\n|-damage|p1a: Kingambit|0 fnt\n|faint|p1a: Kingambit\n|-end|p1a: Kingambit|fallen2|[silent]\n|\n|upkeep\n|\n|t:|1788283867\n|switch|p1a: Iron Valiant|Iron Valiant|100/100\n|-enditem|p1a: Iron Valiant|Booster Energy\n|-activate|p1a: Iron Valiant|ability: Quark Drive|[fromitem]\n|-start|p1a: Iron Valiant|quarkdrivespe\n|turn|24\n|\n|t:|1788283868\n|move|p1a: Iron Valiant|Close Combat|p2a: Ogerpon\n|-damage|p2a: Ogerpon|0 fnt\n|-unboost|p1a: Iron Valiant|def|1\n|-unboost|p1a: Iron Valiant|spd|1\n|faint|p2a: Ogerpon\n|detailschange|p2: Ogerpon|Ogerpon, F|[silent]\n|\n|win|kangarooteam1\n|raw|kangarooteam1's rating: 1539 &rarr; <strong>1559</strong><br />(+20 for winning)\n|raw|BFO Ethanol's rating: 1540 &rarr; <strong>1520</strong><br />(-20 for losing)\n", "uploadtime": 1788283869, "views": "0", "formatid": "gen9ou", "rating": 1520, "private": 0, "password": null}