{"id": "gen9ou-2673882766", "format": "[Gen 9] OU", "players": ["Malexrocks", "idonteatanything"], "log": "|j|\u2606Malexrocks\n|j|\u2606idonteatanything\n|t:|1788272664\n|gametype|singles\n|player|p1|Malexrocks|1|1413\n|player|p2|idonteatanything|265|1388\n|gen|9\n|tier|[Gen 9] OU\n|rated|\n|rule|HP Percentage Mod: HP is shown in percentages\n|rule|Endless Battle Clause: Forcing endless battles is banned\n|rule|Species Clause: Limit one of each Pok\u00e9mon\n|rule|OHKO Clause: OHKO moves are banned\n|rule|Evasion Items Clause: Evasion items are banned\n|rule|Evasion Moves Clause: Evasion moves are banned\n|rule|Evasion Abilities Clause: Evasion abilities are banned\n|rule|Sleep Moves Clause: Sleep-inducing moves are banned\n|clearpoke\n|poke|p1|Latios, M|\n|poke|p1|Alomomola, F|\n|poke|p1|Corviknight, F|\n|poke|p1|Ting-Lu|\n|poke|p1|Cinderace, M|\n|poke|p1|Ogerpon-Cornerstone, F|\n|poke|p2|Torkoal, M|\n|poke|p2|Charizard, F|\n|poke|p2|Walking Wake|\n|poke|p2|Lilligant-Hisui, F|\n|poke|p2|Great Tusk|\n|poke|p2|Raging Bolt|\n|teampreview\n|\n|t:|1788272668\n|teamsize|p1|6\n|teamsize|p2|6\n|start\n|switch|p1a: Lamelo Wings|Latios, M|100/100\n|switch|p2a: Torkoal|Torkoal, M|100/100\n|-weather|SunnyDay|[from] ability: Drought|[of] p2a: Torkoal\n|turn|1\n|\n|t:|1788272674\n|move|p1a: Lamelo Wings|Draco Meteor|p2a: Torkoal\n|-damage|p2a: Torkoal|0 fnt\n|-unboost|p1a: Lamelo Wings|spa|2\n|faint|p2a: Torkoal\n|\n|-weather|SunnyDay|[upkeep]\n|upkeep\n|\n|t:|1788272686\n|switch|p2a: Charizard|Charizard, F|100/100\n|turn|2\n|\n|t:|1788272694\n|switch|p1a: Scottie Flippen|Alomomola, F, shiny|100/100\n|move|p2a: Charizard|Overheat|p1a: Scottie Flippen\n|-resisted|p1a: Scottie Flippen\n|-damage|p1a: Scottie Flippen|10/100\n|-unboost|p2a: Charizard|spa|2\n|\n|-weather|SunnyDay|[upkeep]\n|-damage|p2a: Charizard|88/100|[from] ability: Solar Power|[of] p2a: Charizard\n|-heal|p1a: Scottie Flippen|16/100|[from] item: Leftovers\n|upkeep\n|turn|3\n|\n|t:|1788272700\n|move|p1a: Scottie Flippen|Protect|p1a: Scottie Flippen\n|-singleturn|p1a: Scottie Flippen|Protect\n|move|p2a: Charizard|Overheat|p1a: Scottie Flippen\n|-activate|p1a: Scottie Flippen|move: Protect\n|\n|-weather|SunnyDay|[upkeep]\n|-damage|p2a: Charizard|76/100|[from] ability: Solar Power|[of] p2a: Charizard\n|-heal|p1a: Scottie Flippen|23/100|[from] item: Leftovers\n|upkeep\n|turn|4\n|\n|t:|1788272714\n|switch|p1a: Lamelo Wings|Latios, M|100/100\n|move|p2a: Charizard|Overheat|p1a: Lamelo Wings\n|-resisted|p1a: Lamelo Wings\n|-damage|p1a: Lamelo Wings|50/100\n|-unboost|p2a: Charizard|spa|2\n|\n|-weather|SunnyDay|[upkeep]\n|-damage|p2a: Charizard|63/100|[from] ability: Solar Power|[of] p2a: Charizard\n|upkeep\n|turn|5\n|\n|t:|1788272727\n|move|p1a: Lamelo Wings|Luster Purge|p2a: Charizard\n|-damage|p2a: Charizard|0 fnt\n|faint|p2a: Charizard\n|\n|-weather|SunnyDay|[upkeep]\n|upkeep\n|\n|t:|1788272735\n|switch|p2a: Lilligant|Lilligant-Hisui, F|100/100\n|turn|6\n|\n|t:|1788272739\n|switch|p1a: Larry Bird|Corviknight, F|100/100\n|-ability|p1a: Larry Bird|Pressure\n|move|p2a: Lilligant|Triple Axel|p1a: Larry Bird\n|-damage|p1a: Larry Bird|95/100\n|-damage|p2a: Lilligant|84/100|[from] item: Rocky Helmet|[of] p1a: Larry Bird\n|-damage|p1a: Larry Bird|86/100\n|-damage|p2a: Lilligant|68/100|[from] item: Rocky Helmet|[of] p1a: Larry Bird\n|-hitcount|p1a: Larry Bird|2\n|-damage|p2a: Lilligant|58/100|[from] item: Life Orb\n|\n|-weather|SunnyDay|[upkeep]\n|upkeep\n|turn|7\n|\n|t:|1788272759\n|move|p2a: Lilligant|Victory Dance|p2a: Lilligant\n|-boost|p2a: Lilligant|atk|1\n|-boost|p2a: Lilligant|def|1\n|-boost|p2a: Lilligant|spe|1\n|move|p1a: Larry Bird|Brave Bird|p2a: Lilligant\n|-supereffective|p2a: Lilligant\n|-damage|p2a: Lilligant|0 fnt\n|faint|p2a: Lilligant\n|-damage|p1a: Larry Bird|72/100|[from] Recoil\n|\n|-weather|SunnyDay|[upkeep]\n|upkeep\n|\n|t:|1788272763\n|switch|p2a: Walking Wake|Walking Wake|100/100\n|-activate|p2a: Walking Wake|ability: Protosynthesis\n|-start|p2a: Walking Wake|protosynthesisspa\n|turn|8\n|\n|t:|1788272768\n|switch|p1a: Scottie Flippen|Alomomola, F, shiny|56/100\n|move|p2a: Walking Wake|Flamethrower|p1a: Scottie Flippen\n|-resisted|p1a: Scottie Flippen\n|-damage|p1a: Scottie Flippen|16/100\n|\n|-weather|none\n|-end|p2a: Walking Wake|Protosynthesis\n|-heal|p1a: Scottie Flippen|22/100|[from] item: Leftovers\n|upkeep\n|turn|9\n|\n|t:|1788272781\n|move|p1a: Scottie Flippen|Protect|p1a: Scottie Flippen\n|-singleturn|p1a: Scottie Flippen|Protect\n|move|p2a: Walking Wake|Flamethrower|p1a: Scottie Flippen\n|-activate|p1a: Scottie Flippen|move: Protect\n|\n|-heal|p1a: Scottie Flippen|28/100|[from] item: Leftovers\n|upkeep\n|turn|10\n|\n|t:|1788272789\n|-end|p2a: Walking Wake|Protosynthesis|[silent]\n|switch|p2a: Raging Bolt|Raging Bolt|100/100\n|switch|p1a: Larry Bird|Corviknight, F|72/100\n|-ability|p1a: Larry Bird|Pressure\n|\n|upkeep\n|turn|11\n|\n|t:|1788272798\n|switch|p1a: MyRocks Jordan|Ting-Lu, shiny|100/100\n|-ability|p1a: MyRocks Jordan|Vessel of Ruin\n|move|p2a: Raging Bolt|Calm Mind|p2a: Raging Bolt\n|-boost|p2a: Raging Bolt|spa|1\n|-boost|p2a: Raging Bolt|spd|1\n|\n|upkeep\n|turn|12\n|\n|t:|1788272801\n|move|p2a: Raging Bolt|Calm Mind|p2a: Raging Bolt\n|-boost|p2a: Raging Bolt|spa|1\n|-boost|p2a: Raging Bolt|spd|1\n|move|p1a: MyRocks Jordan|Whirlwind|p2a: Raging Bolt\n|-end|p2a: Raging Bolt|Protosynthesis|[silent]\n|drag|p2a: Walking Wake|Walking Wake|100/100\n|\n|upkeep\n|turn|13\n|\n|t:|1788272822\n|switch|p1a: Scottie Flippen|Alomomola, F, shiny|62/100\n|move|p2a: Walking Wake|Hydro Steam|p1a: Scottie Flippen\n|-resisted|p1a: Scottie Flippen\n|-damage|p1a: Scottie Flippen|35/100\n|\n|-heal|p1a: Scottie Flippen|42/100|[from] item: Leftovers\n|upkeep\n|turn|14\n|\n|t:|1788272831\n|-end|p2a: Walking Wake|Protosynthesis|[silent]\n|switch|p2a: Raging Bolt|Raging Bolt|100/100\n|move|p1a: Scottie Flippen|Wish|p1a: Scottie Flippen\n|\n|-heal|p1a: Scottie Flippen|48/100|[from] item: Leftovers\n|upkeep\n|turn|15\n|\n|t:|1788272840\n|switch|p1a: Lebun James|Cinderace, M|100/100\n|move|p2a: Raging Bolt|Calm Mind|p2a: Raging Bolt\n|-boost|p2a: Raging Bolt|spa|1\n|-boost|p2a: Raging Bolt|spd|1\n|\n|upkeep\n|turn|16\n|\n|t:|1788272849\n|move|p1a: Lebun James|High Jump Kick|p2a: Raging Bolt|[miss]\n|-start|p1a: Lebun James|typechange|Fighting|[from] ability: Libero\n|-miss|p1a: Lebun James|p2a: Raging Bolt\n|-damage|p1a: Lebun James|50/100|[from] highjumpkick\n|move|p2a: Raging Bolt|Dragon Pulse|p1a: Lebun James\n|-damage|p1a: Lebun James|0 fnt\n|faint|p1a: Lebun James\n|\n|upkeep\n|\n|t:|1788272852\n|switch|p1a: Shaq-Og-Neil|Ogerpon-Cornerstone, F|100/100\n|turn|17\n|\n|t:|1788272861\n|move|p2a: Raging Bolt|Thunderclap|p1a: Shaq-Og-Neil\n|-resisted|p1a: Shaq-Og-Neil\n|-damage|p1a: Shaq-Og-Neil|63/100\n|move|p1a: Shaq-Og-Neil|Ivy Cudgel|p2a: Raging Bolt|[anim] Ivy Cudgel Rock\n|-damage|p2a: Raging Bolt|52/100\n|\n|-heal|p2a: Raging Bolt|58/100|[from] item: Leftovers\n|upkeep\n|turn|18\n|\n|t:|1788272885\n|move|p1a: Shaq-Og-Neil|Encore|p2a: Raging Bolt\n|-start|p2a: Raging Bolt|Encore\n|move|p2a: Raging Bolt|Thunderclap||[still]\n|-fail|p2a: Raging Bolt\n|\n|-heal|p2a: Raging Bolt|64/100|[from] item: Leftovers\n|upkeep\n|turn|19\n|inactive|Battle timer is ON: inactive players will automatically lose when time's up. (requested by Malexrocks)\n|\n|t:|1788272889\n|-end|p2a: Raging Bolt|Protosynthesis|[silent]\n|switch|p2a: Great Tusk|Great Tusk|100/100\n|move|p1a: Shaq-Og-Neil|Swords Dance|p1a: Shaq-Og-Neil\n|-boost|p1a: Shaq-Og-Neil|atk|2\n|\n|upkeep\n|turn|20\n|\n|t:|1788272895\n|move|p1a: Shaq-Og-Neil|Power Whip|p2a: Great Tusk\n|-supereffective|p2a: Great Tusk\n|-damage|p2a: Great Tusk|0 fnt\n|faint|p2a: Great Tusk\n|-end|p2a: Great Tusk|Protosynthesis|[silent]\n|\n|upkeep\n|\n|t:|1788272899\n|switch|p2a: Walking Wake|Walking Wake|100/100\n|turn|21\n|\n|t:|1788272904\n|move|p1a: Shaq-Og-Neil|Ivy Cudgel|p2a: Walking Wake|[anim] Ivy Cudgel Rock\n|-damage|p2a: Walking Wake|0 fnt\n|faint|p2a: Walking Wake\n|-end|p2a: Walking Wake|Protosynthesis|[silent]\n|\n|upkeep\n|\n|t:|1788272909\n|switch|p2a: Raging Bolt|Raging Bolt|64/100\n|turn|22\n|\n|t:|1788272912\n|move|p1a: Shaq-Og-Neil|Ivy Cudgel|p2a: Raging Bolt|[anim] Ivy Cudgel Rock\n|-damage|p2a: Raging Bolt|0 fnt\n|faint|p2a: Raging Bolt\n|-end|p2a: Raging Bolt|Protosynthesis|[silent]\n|\n|win|Malexrocks\n|raw|Malexrocks's rating: 1413 &rarr; <strong>1432</strong><br />(+19 for winning)\n|raw|idonteatanything's rating: 1388 &rarr; <strong>1369</strong><br />(-19 for losing)\n|l|\u2606Malexrocks\n|player|p1|\n", "uploadtime": 1788273112, "views": "0", "formatid": "gen9ou", "rating": 1369, "private": 0, "password": null}