{"id": "gen9ou-2673884857", "format": "[Gen 9] OU", "players": ["kangarooteam1", "mataj"], "log": "|j|\u2606kangarooteam1\n|j|\u2606mataj\n|t:|1788272925\n|gametype|singles\n|player|p1|kangarooteam1|1|1701\n|player|p2|mataj|leon|1519\n|gen|9\n|tier|[Gen 9] OU\n|rated|\n|rule|HP Percentage Mod: HP is shown in percentages\n|rule|Endless Battle Clause: Forcing endless battles is banned\n|rule|Species Clause: Limit one of each Pok\u00e9mon\n|rule|OHKO Clause: OHKO moves are banned\n|rule|Evasion Items Clause: Evasion items are banned\n|rule|Evasion Moves Clause: Evasion moves are banned\n|rule|Evasion Abilities Clause: Evasion abilities are banned\n|rule|Sleep Moves Clause: Sleep-inducing moves are banned\n|clearpoke\n|poke|p1|Great Tusk|\n|poke|p1|Gholdengo|\n|poke|p1|Raging Bolt|\n|poke|p1|Iron Valiant|\n|poke|p1|Ogerpon-Wellspring, F|\n|poke|p1|Kingambit, M|\n|poke|p2|Tyranitar, F|\n|poke|p2|Excadrill, M|\n|poke|p2|Ogerpon-Wellspring, F|\n|poke|p2|Corviknight, F|\n|poke|p2|Dragapult, F|\n|poke|p2|Volcanion|\n|teampreview\n|inactive|Battle timer is ON: inactive players will automatically lose when time's up. (requested by kangarooteam1)\n|\n|t:|1788272945\n|teamsize|p1|6\n|teamsize|p2|6\n|start\n|switch|p1a: Raging Bolt|Raging Bolt|100/100\n|switch|p2a: hehehe|Dragapult, F|100/100\n|turn|1\n|\n|t:|1788272953\n|move|p2a: hehehe|Draco Meteor|p1a: Raging Bolt\n|-supereffective|p1a: Raging Bolt\n|-damage|p1a: Raging Bolt|0 fnt\n|-unboost|p2a: hehehe|spa|2\n|faint|p1a: Raging Bolt\n|-end|p1a: Raging Bolt|Protosynthesis|[silent]\n|\n|upkeep\n|\n|t:|1788272954\n|switch|p1a: Great Tusk|Great Tusk|100/100\n|turn|2\n|inactive|mataj has 120 seconds left.\n|j| gaze of timaeus\n|\n|t:|1788272992\n|switch|p2a: cowcaw|Corviknight, F|100/100\n|-ability|p2a: cowcaw|Pressure\n|move|p1a: Great Tusk|Earthquake|p2a: cowcaw\n|-immune|p2a: cowcaw\n|\n|upkeep\n|turn|3\n|\n|t:|1788272997\n|move|p1a: Great Tusk|Stealth Rock|p2a: cowcaw\n|-sidestart|p2: mataj|move: Stealth Rock\n|move|p2a: cowcaw|U-turn|p1a: Great Tusk\n|-resisted|p1a: Great Tusk\n|-crit|p1a: Great Tusk\n|-damage|p1a: Great Tusk|95/100\n|\n|t:|1788272999\n|switch|p2a: og|Ogerpon-Wellspring, F|100/100|[from] U-turn\n|-damage|p2a: og|88/100|[from] Stealth Rock\n|\n|-heal|p1a: Great Tusk|100/100|[from] item: Leftovers\n|upkeep\n|turn|4\n|\n|t:|1788273000\n|-end|p1a: Great Tusk|Protosynthesis|[silent]\n|switch|p1a: Ogerpon|Ogerpon-Wellspring, F|100/100\n|move|p2a: og|Ivy Cudgel|p1a: Ogerpon|[anim] Ivy Cudgel Water\n|-immune|p1a: Ogerpon|[from] ability: Water Absorb\n|\n|upkeep\n|turn|5\n|\n|t:|1788273002\n|move|p1a: Ogerpon|Power Whip|p2a: og\n|-damage|p2a: og|0 fnt\n|faint|p2a: og\n|\n|upkeep\n|\n|t:|1788273005\n|switch|p2a: cowcaw|Corviknight, F|100/100\n|-damage|p2a: cowcaw|88/100|[from] Stealth Rock\n|-ability|p2a: cowcaw|Pressure\n|turn|6\n|\n|t:|1788273006\n|move|p1a: Ogerpon|Ivy Cudgel|p2a: cowcaw|[anim] Ivy Cudgel Water\n|-damage|p2a: cowcaw|55/100\n|move|p2a: cowcaw|Brave Bird|p1a: Ogerpon\n|-supereffective|p1a: Ogerpon\n|-damage|p1a: Ogerpon|12/100\n|-damage|p2a: cowcaw|33/100|[from] Recoil\n|\n|upkeep\n|turn|7\n|\n|t:|1788273009\n|move|p1a: Ogerpon|Ivy Cudgel|p2a: cowcaw|[anim] Ivy Cudgel Water\n|-damage|p2a: cowcaw|0 fnt\n|faint|p2a: cowcaw\n|\n|upkeep\n|\n|t:|1788273012\n|switch|p2a: hehehe|Dragapult, F|100/100\n|-damage|p2a: hehehe|88/100|[from] Stealth Rock\n|turn|8\n|\n|t:|1788273014\n|switch|p1a: Kingambit|Kingambit, M|100/100\n|-activate|p1a: Kingambit|ability: Supreme Overlord\n|-start|p1a: Kingambit|fallen1|[silent]\n|move|p2a: hehehe|U-turn|p1a: Kingambit\n|-damage|p1a: Kingambit|88/100\n|\n|t:|1788273017\n|switch|p2a: shady's back|Excadrill, M|100/100|[from] U-turn\n|-damage|p2a: shady's back|97/100|[from] Stealth Rock\n|-item|p2a: shady's back|Air Balloon\n|\n|-heal|p1a: Kingambit|94/100|[from] item: Leftovers\n|upkeep\n|turn|9\n|\n|t:|1788273018\n|move|p2a: shady's back|Earthquake|p1a: Kingambit\n|-supereffective|p1a: Kingambit\n|-damage|p1a: Kingambit|2/100\n|move|p1a: Kingambit|Kowtow Cleave|p2a: shady's back\n|-damage|p2a: shady's back|23/100\n|-enditem|p2a: shady's back|Air Balloon\n|\n|-heal|p1a: Kingambit|8/100|[from] item: Leftovers\n|upkeep\n|turn|10\n|\n|t:|1788273022\n|move|p1a: Kingambit|Sucker Punch|p2a: shady's back\n|-damage|p2a: shady's back|0 fnt\n|faint|p2a: shady's back\n|\n|-heal|p1a: Kingambit|14/100|[from] item: Leftovers\n|upkeep\n|\n|t:|1788273024\n|switch|p2a: volky|Volcanion|100/100\n|turn|11\n|\n|t:|1788273026\n|move|p1a: Kingambit|Sucker Punch|p2a: volky\n|-damage|p2a: volky|60/100\n|move|p2a: volky|Fire Spin|p1a: Kingambit\n|-supereffective|p1a: Kingambit\n|-damage|p1a: Kingambit|0 fnt\n|faint|p1a: Kingambit\n|-end|p1a: Kingambit|fallen1|[silent]\n|\n|upkeep\n|\n|t:|1788273027\n|switch|p1a: Iron Valiant|Iron Valiant|100/100\n|-enditem|p1a: Iron Valiant|Booster Energy\n|-activate|p1a: Iron Valiant|ability: Quark Drive|[fromitem]\n|-start|p1a: Iron Valiant|quarkdrivespe\n|turn|12\n|\n|t:|1788273029\n|move|p1a: Iron Valiant|Thunderbolt|p2a: volky\n|-supereffective|p2a: volky\n|-crit|p2a: volky\n|-damage|p2a: volky|0 fnt\n|faint|p2a: volky\n|\n|upkeep\n|\n|t:|1788273033\n|switch|p2a: big ts|Tyranitar, F|100/100\n|-damage|p2a: big ts|88/100|[from] Stealth Rock\n|-weather|Sandstorm|[from] ability: Sand Stream|[of] p2a: big ts\n|turn|13\n|\n|t:|1788273037\n|move|p1a: Iron Valiant|Close Combat|p2a: big ts\n|-supereffective|p2a: big ts\n|-damage|p2a: big ts|0 fnt\n|-unboost|p1a: Iron Valiant|def|1\n|-unboost|p1a: Iron Valiant|spd|1\n|faint|p2a: big ts\n|\n|-weather|Sandstorm|[upkeep]\n|-damage|p1a: Iron Valiant|94/100|[from] Sandstorm\n|upkeep\n|\n|t:|1788273039\n|switch|p2a: hehehe|Dragapult, F|88/100\n|-damage|p2a: hehehe|76/100|[from] Stealth Rock\n|turn|14\n|\n|t:|1788273041\n|-terastallize|p1a: Iron Valiant|Fairy\n|-terastallize|p2a: hehehe|Ghost\n|move|p1a: Iron Valiant|Moonblast|p2a: hehehe\n|-damage|p2a: hehehe|0 fnt\n|faint|p2a: hehehe\n|\n|win|kangarooteam1\n|raw|kangarooteam1's rating: 1701 &rarr; <strong>1711</strong><br />(+10 for winning)\n|raw|mataj's rating: 1519 &rarr; <strong>1509</strong><br />(-10 for losing)\n", "uploadtime": 1788273042, "views": "0", "formatid": "gen9ou", "rating": 1509, "private": 0, "password": null}