{"id": "gen9ou-2673875695", "format": "[Gen 9] OU", "players": ["RagingSquirtleXD", "l3asses"], "log": "|j|\u2606RagingSquirtleXD\n|j|\u2606l3asses\n|t:|1788271792\n|gametype|singles\n|player|p1|RagingSquirtleXD|pokemonbreederf-gen4|1499\n|player|p2|l3asses|102|1470\n|gen|9\n|tier|[Gen 9] OU\n|rated|\n|rule|HP Percentage Mod: HP is shown in percentages\n|rule|Endless Battle Clause: Forcing endless battles is banned\n|rule|Species Clause: Limit one of each Pok\u00e9mon\n|rule|OHKO Clause: OHKO moves are banned\n|rule|Evasion Items Clause: Evasion items are banned\n|rule|Evasion Moves Clause: Evasion moves are banned\n|rule|Evasion Abilities Clause: Evasion abilities are banned\n|rule|Sleep Moves Clause: Sleep-inducing moves are banned\n|clearpoke\n|poke|p1|Ogerpon, F|\n|poke|p1|Ting-Lu|\n|poke|p1|Gliscor, M|\n|poke|p1|Gholdengo|\n|poke|p1|Dragonite, F|\n|poke|p1|Moltres|\n|poke|p2|Alomomola, F|\n|poke|p2|Raging Bolt|\n|poke|p2|Dondozo, F|\n|poke|p2|Kingambit, F|\n|poke|p2|Hatterene, F|\n|poke|p2|Mamoswine, M|\n|teampreview\n|\n|t:|1788271813\n|teamsize|p1|6\n|teamsize|p2|6\n|start\n|switch|p1a: Ogerpon|Ogerpon, F|100/100\n|switch|p2a: Mamoswine|Mamoswine, M|100/100\n|turn|1\n|\n|t:|1788271837\n|move|p1a: Ogerpon|Ivy Cudgel|p2a: Mamoswine\n|-supereffective|p2a: Mamoswine\n|-enditem|p2a: Mamoswine|Focus Sash\n|-damage|p2a: Mamoswine|1/100\n|move|p2a: Mamoswine|Icicle Crash|p1a: Ogerpon\n|-supereffective|p1a: Ogerpon\n|-damage|p1a: Ogerpon|0 fnt\n|faint|p1a: Ogerpon\n|\n|upkeep\n|\n|t:|1788271852\n|switch|p1a: Gholdengo|Gholdengo|100/100\n|turn|2\n|\n|t:|1788271855\n|move|p2a: Mamoswine|Ice Shard|p1a: Gholdengo\n|-resisted|p1a: Gholdengo\n|-damage|p1a: Gholdengo|88/100\n|move|p1a: Gholdengo|Shadow Ball|p2a: Mamoswine\n|-damage|p2a: Mamoswine|0 fnt\n|faint|p2a: Mamoswine\n|\n|upkeep\n|\n|t:|1788271861\n|switch|p2a: Kingambit|Kingambit, F|100/100\n|-activate|p2a: Kingambit|ability: Supreme Overlord\n|-start|p2a: Kingambit|fallen1|[silent]\n|turn|3\n|\n|t:|1788271866\n|switch|p1a: Moltres|Moltres|100/100\n|-end|p2a: Kingambit|fallen1|[silent]\n|switch|p2a: Alomomola|Alomomola, F|100/100\n|\n|upkeep\n|turn|4\n|\n|t:|1788271871\n|move|p1a: Moltres|Will-O-Wisp|p2a: Alomomola|[miss]\n|-miss|p1a: Moltres|p2a: Alomomola\n|move|p2a: Alomomola|Flip Turn|p1a: Moltres\n|-supereffective|p1a: Moltres\n|-damage|p1a: Moltres|69/100\n|\n|t:|1788271878\n|switch|p2a: Hatterene|Hatterene, F|100/100|[from] Flip Turn\n|\n|upkeep\n|turn|5\n|\n|t:|1788271883\n|switch|p1a: Gliscor|Gliscor, M|100/100\n|move|p2a: Hatterene|Nuzzle|p1a: Gliscor\n|-immune|p1a: Gliscor\n|\n|-status|p1a: Gliscor|tox|[from] item: Toxic Orb\n|upkeep\n|turn|6\n|\n|t:|1788271897\n|switch|p2a: Dondozo|Dondozo, F|100/100\n|move|p1a: Gliscor|Swords Dance|p1a: Gliscor\n|-boost|p1a: Gliscor|atk|2\n|\n|upkeep\n|turn|7\n|\n|t:|1788271903\n|move|p1a: Gliscor|Knock Off|p2a: Dondozo\n|-damage|p2a: Dondozo|90/100\n|-enditem|p2a: Dondozo|Leftovers|[from] move: Knock Off|[of] p1a: Gliscor\n|move|p2a: Dondozo|Curse|p2a: Dondozo\n|-unboost|p2a: Dondozo|spe|1\n|-boost|p2a: Dondozo|atk|1\n|-boost|p2a: Dondozo|def|1\n|\n|upkeep\n|turn|8\n|\n|t:|1788271906\n|switch|p1a: Gholdengo|Gholdengo|88/100\n|move|p2a: Dondozo|Curse|p2a: Dondozo\n|-unboost|p2a: Dondozo|spe|1\n|-boost|p2a: Dondozo|atk|1\n|-boost|p2a: Dondozo|def|1\n|\n|upkeep\n|turn|9\n|\n|t:|1788271909\n|move|p1a: Gholdengo|Trick|p2a: Dondozo\n|-activate|p1a: Gholdengo|move: Trick|[of] p2a: Dondozo\n|-item|p2a: Dondozo|Choice Scarf|[from] move: Trick\n|-enditem|p1a: Gholdengo|Choice Scarf|[silent]|[from] move: Trick\n|move|p2a: Dondozo|Waterfall|p1a: Gholdengo\n|-damage|p1a: Gholdengo|23/100\n|\n|upkeep\n|turn|10\n|\n|t:|1788271915\n|switch|p1a: Dragonite|Dragonite, F|100/100\n|move|p2a: Dondozo|Waterfall|p1a: Dragonite\n|-resisted|p1a: Dragonite\n|-damage|p1a: Dragonite|90/100\n|\n|upkeep\n|turn|11\n|\n|t:|1788271919\n|move|p1a: Dragonite|Earthquake|p2a: Dondozo\n|-damage|p2a: Dondozo|83/100\n|move|p2a: Dondozo|Waterfall|p1a: Dragonite\n|-resisted|p1a: Dragonite\n|-damage|p1a: Dragonite|71/100\n|\n|upkeep\n|turn|12\n|\n|t:|1788271925\n|move|p1a: Dragonite|Earthquake|p2a: Dondozo\n|-damage|p2a: Dondozo|76/100\n|move|p2a: Dondozo|Waterfall|p1a: Dragonite\n|-resisted|p1a: Dragonite\n|-crit|p1a: Dragonite\n|-damage|p1a: Dragonite|37/100\n|\n|upkeep\n|turn|13\n|\n|t:|1788271932\n|move|p1a: Dragonite|Roost|p1a: Dragonite\n|-heal|p1a: Dragonite|88/100\n|-singleturn|p1a: Dragonite|move: Roost\n|move|p2a: Dondozo|Waterfall|p1a: Dragonite\n|-resisted|p1a: Dragonite\n|-damage|p1a: Dragonite|66/100\n|\n|upkeep\n|turn|14\n|\n|t:|1788271936\n|move|p1a: Dragonite|Roost|p1a: Dragonite\n|-heal|p1a: Dragonite|100/100\n|-singleturn|p1a: Dragonite|move: Roost\n|move|p2a: Dondozo|Waterfall|p1a: Dragonite\n|-resisted|p1a: Dragonite\n|-damage|p1a: Dragonite|90/100\n|\n|upkeep\n|turn|15\n|\n|t:|1788271939\n|move|p2a: Dondozo|Waterfall|p1a: Dragonite\n|-resisted|p1a: Dragonite\n|-damage|p1a: Dragonite|71/100\n|cant|p1a: Dragonite|flinch\n|\n|upkeep\n|turn|16\n|\n|t:|1788271946\n|move|p1a: Dragonite|Roost|p1a: Dragonite\n|-heal|p1a: Dragonite|100/100\n|-singleturn|p1a: Dragonite|move: Roost\n|move|p2a: Dondozo|Waterfall|p1a: Dragonite\n|-resisted|p1a: Dragonite\n|-damage|p1a: Dragonite|91/100\n|\n|upkeep\n|turn|17\n|\n|t:|1788271957\n|move|p2a: Dondozo|Waterfall|p1a: Dragonite\n|-resisted|p1a: Dragonite\n|-damage|p1a: Dragonite|72/100\n|move|p1a: Dragonite|Dragon Tail|p2a: Dondozo\n|-damage|p2a: Dondozo|69/100\n|drag|p2a: Kingambit|Kingambit, F|100/100\n|-activate|p2a: Kingambit|ability: Supreme Overlord\n|-start|p2a: Kingambit|fallen1|[silent]\n|\n|upkeep\n|turn|18\n|\n|t:|1788271974\n|move|p1a: Dragonite|Earthquake|p2a: Kingambit\n|-supereffective|p2a: Kingambit\n|-damage|p2a: Kingambit|53/100\n|move|p2a: Kingambit|Kowtow Cleave|p1a: Dragonite\n|-damage|p1a: Dragonite|33/100\n|\n|-heal|p2a: Kingambit|59/100|[from] item: Leftovers\n|upkeep\n|turn|19\n|\n|t:|1788271981\n|switch|p1a: Moltres|Moltres|69/100\n|move|p2a: Kingambit|Swords Dance|p2a: Kingambit\n|-boost|p2a: Kingambit|atk|2\n|\n|-heal|p2a: Kingambit|65/100|[from] item: Leftovers\n|upkeep\n|turn|20\n|\n|t:|1788271985\n|-terastallize|p2a: Kingambit|Ghost\n|move|p1a: Moltres|Will-O-Wisp|p2a: Kingambit\n|-status|p2a: Kingambit|brn\n|move|p2a: Kingambit|Kowtow Cleave|p1a: Moltres\n|-damage|p1a: Moltres|17/100\n|\n|-heal|p2a: Kingambit|71/100 brn|[from] item: Leftovers\n|-damage|p2a: Kingambit|65/100 brn|[from] brn\n|upkeep\n|turn|21\n|\n|t:|1788271990\n|move|p1a: Moltres|Roost|p1a: Moltres\n|-heal|p1a: Moltres|68/100\n|-singleturn|p1a: Moltres|move: Roost\n|move|p2a: Kingambit|Kowtow Cleave|p1a: Moltres\n|-damage|p1a: Moltres|14/100\n|\n|-heal|p2a: Kingambit|71/100 brn|[from] item: Leftovers\n|-damage|p2a: Kingambit|65/100 brn|[from] brn\n|upkeep\n|turn|22\n|\n|t:|1788271992\n|move|p1a: Moltres|Roost|p1a: Moltres\n|-heal|p1a: Moltres|64/100\n|-singleturn|p1a: Moltres|move: Roost\n|move|p2a: Kingambit|Swords Dance|p2a: Kingambit\n|-boost|p2a: Kingambit|atk|2\n|\n|-heal|p2a: Kingambit|71/100 brn|[from] item: Leftovers\n|-damage|p2a: Kingambit|65/100 brn|[from] brn\n|upkeep\n|turn|23\n|\n|t:|1788272000\n|move|p1a: Moltres|Flamethrower|p2a: Kingambit\n|-damage|p2a: Kingambit|27/100 brn\n|move|p2a: Kingambit|Swords Dance|p2a: Kingambit\n|-boost|p2a: Kingambit|atk|2\n|\n|-heal|p2a: Kingambit|34/100 brn|[from] item: Leftovers\n|-damage|p2a: Kingambit|27/100 brn|[from] brn\n|upkeep\n|turn|24\n|\n|t:|1788272006\n|move|p2a: Kingambit|Sucker Punch||[still]\n|-fail|p2a: Kingambit\n|move|p1a: Moltres|Roost|p1a: Moltres\n|-heal|p1a: Moltres|100/100\n|-singleturn|p1a: Moltres|move: Roost\n|\n|-heal|p2a: Kingambit|34/100 brn|[from] item: Leftovers\n|-damage|p2a: Kingambit|27/100 brn|[from] brn\n|upkeep\n|turn|25\n|\n|t:|1788272015\n|move|p1a: Moltres|Flamethrower|p2a: Kingambit\n|-damage|p2a: Kingambit|0 fnt\n|faint|p2a: Kingambit\n|-end|p2a: Kingambit|fallen1|[silent]\n|\n|upkeep\n|\n|t:|1788272018\n|switch|p2a: Raging Bolt|Raging Bolt|100/100\n|-enditem|p2a: Raging Bolt|Booster Energy\n|-activate|p2a: Raging Bolt|ability: Protosynthesis|[fromitem]\n|-start|p2a: Raging Bolt|protosynthesisspa\n|turn|26\n|\n|t:|1788272027\n|move|p2a: Raging Bolt|Calm Mind|p2a: Raging Bolt\n|-boost|p2a: Raging Bolt|spa|1\n|-boost|p2a: Raging Bolt|spd|1\n|move|p1a: Moltres|Roar|p2a: Raging Bolt\n|-end|p2a: Raging Bolt|Protosynthesis|[silent]\n|drag|p2a: Dondozo|Dondozo, F|69/100\n|\n|upkeep\n|turn|27\n|-message|l3asses forfeited.\n|\n|win|RagingSquirtleXD\n|raw|RagingSquirtleXD's rating: 1499 &rarr; <strong>1517</strong><br />(+18 for winning)\n|raw|l3asses's rating: 1470 &rarr; <strong>1452</strong><br />(-18 for losing)\n|l|\u2606l3asses\n|player|p2|\n|l|\u2606RagingSquirtleXD\n|player|p1|\n", "uploadtime": 1788272297, "views": "0", "formatid": "gen9ou", "rating": 1452, "private": 0, "password": null}