{"id": "gen9ou-2673897174", "format": "[Gen 9] OU", "players": ["lolcano46", "FishOfTheSea"], "log": "|j|\u2606lolcano46\n|j|\u2606FishOfTheSea\n|t:|1788274440\n|gametype|singles\n|player|p1|lolcano46|fisherman-gen4|1676\n|player|p2|FishOfTheSea|gladion|1764\n|gen|9\n|tier|[Gen 9] OU\n|rated|\n|rule|HP Percentage Mod: HP is shown in percentages\n|rule|Endless Battle Clause: Forcing endless battles is banned\n|rule|Species Clause: Limit one of each Pok\u00e9mon\n|rule|OHKO Clause: OHKO moves are banned\n|rule|Evasion Items Clause: Evasion items are banned\n|rule|Evasion Moves Clause: Evasion moves are banned\n|rule|Evasion Abilities Clause: Evasion abilities are banned\n|rule|Sleep Moves Clause: Sleep-inducing moves are banned\n|clearpoke\n|poke|p1|Azelf|\n|poke|p1|Ogerpon-Wellspring, F|\n|poke|p1|Scizor, F|\n|poke|p1|Gengar, M|\n|poke|p1|Raging Bolt|\n|poke|p1|Cinderace, M|\n|poke|p2|Moltres|\n|poke|p2|Slowking-Galar, M|\n|poke|p2|Iron Treads|\n|poke|p2|Hydrapple, F|\n|poke|p2|Samurott-Hisui, M|\n|poke|p2|Gholdengo|\n|teampreview\n|inactive|Battle timer is ON: inactive players will automatically lose when time's up. (requested by lolcano46)\n|\n|t:|1788274468\n|teamsize|p1|6\n|teamsize|p2|6\n|start\n|switch|p1a: Azelf|Azelf|100/100\n|switch|p2a: Samurott|Samurott-Hisui, M|100/100\n|turn|1\n|\n|t:|1788274477\n|-terastallize|p1a: Azelf|Fairy\n|move|p1a: Azelf|Dazzling Gleam|p2a: Samurott\n|-supereffective|p2a: Samurott\n|-damage|p2a: Samurott|0 fnt\n|faint|p2a: Samurott\n|\n|upkeep\n|\n|t:|1788274483\n|switch|p2a: Slowking|Slowking-Galar, M|100/100\n|turn|2\n|j| Puyu paz\n|\n|t:|1788274497\n|switch|p1a: Cinderace|Cinderace, M|100/100\n|move|p2a: Slowking|Flamethrower|p1a: Cinderace\n|-resisted|p1a: Cinderace\n|-damage|p1a: Cinderace|80/100\n|\n|upkeep\n|turn|3\n|\n|t:|1788274500\n|move|p1a: Cinderace|Pyro Ball|p2a: Slowking\n|-damage|p2a: Slowking|39/100\n|move|p2a: Slowking|Sludge Bomb|p1a: Cinderace\n|-damage|p1a: Cinderace|15/100\n|\n|upkeep\n|turn|4\n|\n|t:|1788274508\n|switch|p1a: Ogerpon|Ogerpon-Wellspring, F|100/100\n|switch|p2a: Moltres|Moltres|100/100\n|\n|upkeep\n|turn|5\n|\n|t:|1788274510\n|switch|p2a: Hydrapple|Hydrapple, F|100/100\n|move|p1a: Ogerpon|Swords Dance|p1a: Ogerpon\n|-boost|p1a: Ogerpon|atk|2\n|\n|upkeep\n|turn|6\n|\n|t:|1788274514\n|move|p1a: Ogerpon|Play Rough|p2a: Hydrapple|[miss]\n|-miss|p1a: Ogerpon|p2a: Hydrapple\n|move|p2a: Hydrapple|Fickle Beam|p1a: Ogerpon\n|-damage|p1a: Ogerpon|60/100\n|\n|upkeep\n|turn|7\n|\n|t:|1788274519\n|move|p1a: Ogerpon|Play Rough|p2a: Hydrapple\n|-supereffective|p2a: Hydrapple\n|-damage|p2a: Hydrapple|23/100\n|-unboost|p2a: Hydrapple|atk|1\n|move|p2a: Hydrapple|Fickle Beam|p1a: Ogerpon\n|-damage|p1a: Ogerpon|20/100\n|\n|upkeep\n|turn|8\n|\n|t:|1788274528\n|move|p1a: Ogerpon|Play Rough|p2a: Hydrapple\n|-supereffective|p2a: Hydrapple\n|-damage|p2a: Hydrapple|0 fnt\n|faint|p2a: Hydrapple\n|\n|upkeep\n|\n|t:|1788274530\n|switch|p2a: Gholdengo|Gholdengo|100/100\n|turn|9\n|\n|t:|1788274535\n|switch|p1a: Cinderace|Cinderace, M|15/100\n|move|p2a: Gholdengo|Shadow Ball|p1a: Cinderace\n|-damage|p1a: Cinderace|0 fnt\n|faint|p1a: Cinderace\n|\n|upkeep\n|\n|t:|1788274537\n|switch|p1a: Gengar|Gengar, M|100/100\n|turn|10\n|\n|t:|1788274540\n|switch|p2a: Iron Treads|Iron Treads|100/100\n|move|p1a: Gengar|Shadow Ball|p2a: Iron Treads\n|-damage|p2a: Iron Treads|51/100\n|-unboost|p2a: Iron Treads|spd|1\n|\n|-heal|p2a: Iron Treads|58/100|[from] item: Leftovers\n|upkeep\n|turn|11\n|\n|t:|1788274544\n|-end|p2a: Iron Treads|Quark Drive|[silent]\n|switch|p2a: Moltres|Moltres|100/100\n|move|p1a: Gengar|Shadow Ball|p2a: Moltres\n|-damage|p2a: Moltres|56/100\n|-unboost|p2a: Moltres|spd|1\n|\n|upkeep\n|turn|12\n|\n|t:|1788274547\n|switch|p2a: Slowking|Slowking-Galar, M|72/100\n|move|p1a: Gengar|Shadow Ball|p2a: Slowking\n|-supereffective|p2a: Slowking\n|-damage|p2a: Slowking|29/100\n|\n|upkeep\n|turn|13\n|\n|t:|1788274553\n|-terastallize|p2a: Slowking|Ice\n|move|p1a: Gengar|Shadow Ball|p2a: Slowking\n|-damage|p2a: Slowking|9/100\n|move|p2a: Slowking|Psyshock|p1a: Gengar\n|-supereffective|p1a: Gengar\n|-damage|p1a: Gengar|0 fnt\n|faint|p1a: Gengar\n|\n|upkeep\n|\n|t:|1788274558\n|switch|p1a: Azelf|Azelf, tera:Fairy|100/100\n|turn|14\n|\n|t:|1788274562\n|switch|p2a: Gholdengo|Gholdengo|100/100\n|move|p1a: Azelf|Flamethrower|p2a: Gholdengo\n|-supereffective|p2a: Gholdengo\n|-crit|p2a: Gholdengo\n|-damage|p2a: Gholdengo|0 fnt\n|faint|p2a: Gholdengo\n|\n|upkeep\n|-message|FishOfTheSea forfeited.\n|\n|win|lolcano46\n|raw|lolcano46's rating: 1676 &rarr; <strong>1701</strong><br />(+25 for winning)\n|raw|FishOfTheSea's rating: 1764 &rarr; <strong>1739</strong><br />(-25 for losing)\n|l|\u2606FishOfTheSea\n|player|p2|\n|l| Puyu paz\n|l|\u2606lolcano46\n|player|p1|\n", "uploadtime": 1788274740, "views": "2", "formatid": "gen9ou", "rating": 1701, "private": 0, "password": null}