{"id": "gen9ou-2674056234", "format": "[Gen 9] OU", "players": ["owl_with_scarf", "Flinger finger"], "log": "|j|\u2606owl_with_scarf\n|j|\u2606Flinger finger\n|t:|1788293356\n|gametype|singles\n|player|p1|owl_with_scarf|#owlwithscarf|1555\n|player|p2|Flinger finger|169|1597\n|gen|9\n|tier|[Gen 9] OU\n|rated|\n|rule|HP Percentage Mod: HP is shown in percentages\n|rule|Endless Battle Clause: Forcing endless battles is banned\n|rule|Species Clause: Limit one of each Pok\u00e9mon\n|rule|OHKO Clause: OHKO moves are banned\n|rule|Evasion Items Clause: Evasion items are banned\n|rule|Evasion Moves Clause: Evasion moves are banned\n|rule|Evasion Abilities Clause: Evasion abilities are banned\n|rule|Sleep Moves Clause: Sleep-inducing moves are banned\n|clearpoke\n|poke|p1|Slowking, M|\n|poke|p1|Hatterene, F|\n|poke|p1|Comfey, F|\n|poke|p1|Kingambit, M|\n|poke|p1|Hydrapple, M|\n|poke|p1|Scizor, F|\n|poke|p2|Dragonite, F|\n|poke|p2|Great Tusk|\n|poke|p2|Deoxys-Speed|\n|poke|p2|Gholdengo|\n|poke|p2|Zamazenta-*|\n|poke|p2|Iron Valiant|\n|teampreview\n|inactive|Battle timer is ON: inactive players will automatically lose when time's up. (requested by Flinger finger)\n|\n|t:|1788293365\n|teamsize|p1|6\n|teamsize|p2|6\n|start\n|switch|p1a: Slowking|Slowking, M|100/100\n|switch|p2a: Deoxys|Deoxys-Speed|100/100\n|-ability|p2a: Deoxys|Pressure\n|turn|1\n|\n|t:|1788293370\n|move|p2a: Deoxys|Stealth Rock|p1a: Slowking\n|-sidestart|p1: owl_with_scarf|move: Stealth Rock\n|move|p1a: Slowking|Trick Room|p1a: Slowking\n|-fieldstart|move: Trick Room|[of] p1a: Slowking\n|\n|upkeep\n|turn|2\n|\n|t:|1788293379\n|move|p1a: Slowking|Scald|p2a: Deoxys\n|-damage|p2a: Deoxys|57/100\n|-status|p2a: Deoxys|brn\n|move|p2a: Deoxys|Skill Swap|p1a: Slowking\n|-activate|p2a: Deoxys|Skill Swap|Regenerator|Pressure|[of] p1a: Slowking\n|-ability|p1a: Slowking|Pressure\n|\n|-damage|p2a: Deoxys|51/100 brn|[from] brn\n|upkeep\n|turn|3\n|\n|t:|1788293385\n|move|p1a: Slowking|Scald|p2a: Deoxys\n|-damage|p2a: Deoxys|2/100 brn\n|move|p2a: Deoxys|Spikes|p1a: Slowking\n|-sidestart|p1: owl_with_scarf|Spikes\n|\n|-damage|p2a: Deoxys|0 fnt|[from] brn\n|faint|p2a: Deoxys\n|upkeep\n|\n|t:|1788293390\n|switch|p2a: Gholdengo|Gholdengo|100/100\n|turn|4\n|\n|t:|1788293398\n|move|p1a: Slowking|Flamethrower|p2a: Gholdengo\n|-supereffective|p2a: Gholdengo\n|-damage|p2a: Gholdengo|47/100\n|move|p2a: Gholdengo|Shadow Ball|p1a: Slowking\n|-supereffective|p1a: Slowking\n|-damage|p1a: Slowking|33/100\n|-enditem|p1a: Slowking|Weakness Policy\n|-boost|p1a: Slowking|atk|2|[from] item: Weakness Policy\n|-boost|p1a: Slowking|spa|2|[from] item: Weakness Policy\n|\n|upkeep\n|turn|5\n|inactive|Flinger finger has 120 seconds left.\n|\n|t:|1788293456\n|switch|p2a: Iron Valiant|Iron Valiant|100/100\n|-enditem|p2a: Iron Valiant|Booster Energy\n|-activate|p2a: Iron Valiant|ability: Quark Drive|[fromitem]\n|-start|p2a: Iron Valiant|quarkdrivespe\n|move|p1a: Slowking|Scald|p2a: Iron Valiant\n|-damage|p2a: Iron Valiant|0 fnt\n|faint|p2a: Iron Valiant\n|-end|p2a: Iron Valiant|Quark Drive|[silent]\n|\n|-fieldend|move: Trick Room\n|upkeep\n|inactive|Flinger finger has 90 seconds left.\n|\n|t:|1788293480\n|switch|p2a: Zamazenta|Zamazenta|100/100\n|-ability|p2a: Zamazenta|Dauntless Shield|boost\n|-boost|p2a: Zamazenta|def|1\n|turn|6\n|\n|t:|1788293493\n|move|p2a: Zamazenta|Close Combat|p1a: Slowking\n|-resisted|p1a: Slowking\n|-damage|p1a: Slowking|0 fnt\n|-unboost|p2a: Zamazenta|def|1\n|-unboost|p2a: Zamazenta|spd|1\n|faint|p1a: Slowking\n|-damage|p2a: Zamazenta|91/100|[from] item: Life Orb\n|\n|upkeep\n|\n|t:|1788293498\n|switch|p1a: Hatterene|Hatterene, F|100/100\n|-damage|p1a: Hatterene|88/100|[from] Stealth Rock\n|-damage|p1a: Hatterene|76/100|[from] Spikes\n|turn|7\n|\n|t:|1788293501\n|move|p2a: Zamazenta|Heavy Slam|p1a: Hatterene\n|-supereffective|p1a: Hatterene\n|-damage|p1a: Hatterene|0 fnt\n|faint|p1a: Hatterene\n|-damage|p2a: Zamazenta|81/100|[from] item: Life Orb\n|\n|upkeep\n|inactive|owl_with_scarf has 120 seconds left.\n|\n|t:|1788293536\n|switch|p1a: Hydrapple|Hydrapple, M, shiny|100/100\n|-damage|p1a: Hydrapple|88/100|[from] Stealth Rock\n|-damage|p1a: Hydrapple|76/100|[from] Spikes\n|turn|8\n|\n|t:|1788293543\n|move|p2a: Zamazenta|Ice Fang|p1a: Hydrapple\n|-supereffective|p1a: Hydrapple\n|-damage|p1a: Hydrapple|0 fnt\n|-damage|p2a: Zamazenta|64/100|[from] item: Rocky Helmet|[of] p1a: Hydrapple\n|faint|p1a: Hydrapple\n|-damage|p2a: Zamazenta|54/100|[from] item: Life Orb\n|\n|upkeep\n|\n|t:|1788293547\n|switch|p1a: Scizor|Scizor, F|100/100\n|-damage|p1a: Scizor|88/100|[from] Stealth Rock\n|-damage|p1a: Scizor|76/100|[from] Spikes\n|turn|9\n|\n|t:|1788293554\n|move|p1a: Scizor|Bullet Punch|p2a: Zamazenta\n|-damage|p2a: Zamazenta|25/100\n|move|p2a: Zamazenta|Close Combat|p1a: Scizor\n|-damage|p1a: Scizor|0 fnt\n|-unboost|p2a: Zamazenta|def|1\n|-unboost|p2a: Zamazenta|spd|1\n|faint|p1a: Scizor\n|-damage|p2a: Zamazenta|15/100|[from] item: Life Orb\n|\n|upkeep\n|\n|t:|1788293559\n|switch|p1a: Comfey|Comfey, F|100/100\n|-damage|p1a: Comfey|88/100|[from] Stealth Rock\n|-damage|p1a: Comfey|76/100|[from] Spikes\n|turn|10\n|\n|t:|1788293563\n|move|p1a: Comfey|Draining Kiss|p2a: Zamazenta\n|-supereffective|p2a: Zamazenta\n|-damage|p2a: Zamazenta|0 fnt\n|-heal|p1a: Comfey|87/100|[from] drain|[of] p2a: Zamazenta\n|faint|p2a: Zamazenta\n|\n|-heal|p1a: Comfey|93/100|[from] item: Leftovers\n|upkeep\n|\n|t:|1788293573\n|switch|p2a: Dragonite|Dragonite, F|100/100\n|turn|11\n|\n|t:|1788293578\n|-terastallize|p2a: Dragonite|Fire\n|move|p2a: Dragonite|Dragon Dance|p2a: Dragonite\n|-boost|p2a: Dragonite|atk|1\n|-boost|p2a: Dragonite|spe|1\n|move|p1a: Comfey|Calm Mind|p1a: Comfey\n|-boost|p1a: Comfey|spa|1\n|-boost|p1a: Comfey|spd|1\n|\n|-heal|p1a: Comfey|99/100|[from] item: Leftovers\n|upkeep\n|turn|12\n|\n|t:|1788293585\n|move|p2a: Dragonite|Fire Punch|p1a: Comfey\n|-damage|p1a: Comfey|14/100\n|-damage|p2a: Dragonite|91/100|[from] item: Life Orb\n|move|p1a: Comfey|Encore|p2a: Dragonite\n|-start|p2a: Dragonite|Encore\n|\n|-heal|p1a: Comfey|20/100|[from] item: Leftovers\n|upkeep\n|turn|13\n|\n|t:|1788293588\n|move|p1a: Comfey|Draining Kiss|p2a: Dragonite\n|-resisted|p2a: Dragonite\n|-damage|p2a: Dragonite|77/100\n|-heal|p1a: Comfey|31/100|[from] drain|[of] p2a: Dragonite\n|move|p2a: Dragonite|Fire Punch|p1a: Comfey\n|-damage|p1a: Comfey|0 fnt\n|faint|p1a: Comfey\n|-damage|p2a: Dragonite|67/100|[from] item: Life Orb\n|\n|upkeep\n|\n|t:|1788293591\n|switch|p1a: Kingambit|Kingambit, M|100/100\n|-damage|p1a: Kingambit|94/100|[from] Stealth Rock\n|-damage|p1a: Kingambit|82/100|[from] Spikes\n|-activate|p1a: Kingambit|ability: Supreme Overlord\n|-start|p1a: Kingambit|fallen5|[silent]\n|turn|14\n|\n|t:|1788293599\n|-terastallize|p1a: Kingambit|Ghost\n|move|p2a: Dragonite|Fire Punch|p1a: Kingambit\n|-damage|p1a: Kingambit|6/100\n|-damage|p2a: Dragonite|57/100|[from] item: Life Orb\n|move|p1a: Kingambit|Swords Dance|p1a: Kingambit\n|-boost|p1a: Kingambit|atk|2\n|\n|upkeep\n|turn|15\n|\n|t:|1788293615\n|move|p1a: Kingambit|Sucker Punch|p2a: Dragonite\n|-damage|p2a: Dragonite|0 fnt\n|faint|p2a: Dragonite\n|\n|upkeep\n|\n|t:|1788293617\n|switch|p2a: Great Tusk|Great Tusk|100/100\n|-enditem|p2a: Great Tusk|Booster Energy\n|-activate|p2a: Great Tusk|ability: Protosynthesis|[fromitem]\n|-start|p2a: Great Tusk|protosynthesisspe\n|turn|16\n|\n|t:|1788293621\n|move|p1a: Kingambit|Sucker Punch|p2a: Great Tusk\n|-resisted|p2a: Great Tusk\n|-damage|p2a: Great Tusk|63/100\n|move|p2a: Great Tusk|Headlong Rush|p1a: Kingambit\n|-damage|p1a: Kingambit|0 fnt\n|-unboost|p2a: Great Tusk|def|1\n|-unboost|p2a: Great Tusk|spd|1\n|faint|p1a: Kingambit\n|-end|p1a: Kingambit|fallen5|[silent]\n|\n|win|Flinger finger\n|raw|owl_with_scarf's rating: 1555 &rarr; <strong>1537</strong><br />(-18 for losing)\n|raw|Flinger finger's rating: 1597 &rarr; <strong>1615</strong><br />(+18 for winning)\n|l|\u2606owl_with_scarf\n|player|p1|\n|c|\u2606Flinger finger|Gg\n", "uploadtime": 1788293633, "views": "4", "formatid": "gen9ou", "rating": 1537, "private": 0, "password": null}